2394 4010
332 465 582 516 conresstottttm
599 465 701 516 umuli.
711 467 745 513 X.
863 470 914 516 30³

160 564 271 621 rimus:
283 575 312 620 et
324 583 391 621 cum
403 563 543 636 occurrit,
553 563 686 635 dicimus,
695 567 759 622 Hoc
768 577 824 636 est3
837 568 916 641 quod

160 673 219 712 non
231 653 395 713 diceremus
409 654 465 712 nisi
476 673 769 731 agnosceremus,nec
782 651 918 731 agnosce-

161 762 258 802 remus
272 743 327 801 nisi
339 743 578 802 meminissemus.
588 749 672 804 Certe
682 763 750 821 ergo
758 743 842 803 obliti
856 747 917 805 fue·

161 853 268 893 ramus.
283 839 329 892 An
341 833 355 858 *
366 853 425 892 non
437 846 531 892 totum
544 834 705 906 exciderat,
718 835 769 893 sed
784 854 821 893 ex
834 849 917 913 parte

161 945 220 1002 qua
233 925 385 984 tenebatur
401 945 469 1004 pars
481 925 538 983 alia
553 925 752 1004 quaerebatur3
768 927 838 1003 quia
851 945 917 986 sen·

161 1014 251 1072 tiebat
260 1033 291 1073 se
301 1017 440 1074 memoria
448 1035 506 1073 non
517 1016 602 1074 simul
612 1017 731 1076 volvere
740 1017 821 1094 quod
832 1017 916 1076 simul

160 1103 284 1177 solebat,
299 1118 328 1164 et
339 1107 423 1184 quasi
436 1106 606 1182 detruncata
615 1105 824 1164 consuetudine
836 1107 917 1166 clau·

161 1196 273 1266 dicans,
290 1195 373 1254 reddi
386 1195 466 1274 quod
481 1195 581 1254 deerat
594 1196 916 1274 flagitabatiTanquam

160 1287 184 1343 si
199 1284 288 1342 homo
301 1298 386 1343 notus
401 1287 461 1344 sive
473 1287 670 1364 conspiciatur
680 1287 786 1358 oeulis,
797 1287 860 1346 sive
871 1307 918 1346 co

160 1375 283 1451 queror,
294 1387 323 1433 et
336 1395 441 1434 nomen
454 1375 516 1453 ejus
529 1376 614 1434 obliti
625 1377 821 1454 requiramus,
833 1376 918 1454 quid-

160 1465 231 1542 quid
253 1465 333 1524 aiiud
357 1466 518 1524 occurrerit
537 1485 595 1522 non
618 1465 825 1524 connectitur:
848 1467 917 1543 quia

160 1574 304 1613 noricum
324 1555 375 1612 itto
398 1555 518 1631 eogitari
541 1553 703 1625 consuevit,
723 1553 848 1630 ideoque
869 1574 917 1613 re-

161 1646 277 1722 spuitur
289 1644 381 1702 donec
394 1643 465 1702 illud
486 1643 575 1714 adsit,
588 1642 640 1701 ubi
659 1643 744 1719 simul
754 1635 917 1702 'assuefacte

160 1736 262 1794 notitia
287 1755 346 1793 non
369 1735 552 1812 inaequaliter
580 1734 753 1811 acquiescat.
779 1737 815 1790 Et
841 1732 917 1791 unde

162 1825 260 1895 adest,
272 1825 326 1882 uisi
345 1839 382 1882 ex
399 1825 463 1901 ipsa
479 1823 637 1881 memoria?
653 1827 726 1882 Nam
746 1835 775 1881 et
793 1843 860 1881 cum
878 1823 916 1881 ab

162 1916 219 1972 alio
232 1914 399 1973 commoniti
412 1912 659 1990 recognoscimus,
673 1913 741 1971 inde
755 1911 844 1971 adest.
852 1917 918 1970 Non

161 2006 238 2062 enim
257 2005 339 2082 quasi
359 2024 469 2062 novum
488 2002 647 2075 credimus,
665 2002 716 2062 sed
732 2002 917 2060 recordantes

160 2093 360 2172 approbamus
378 2095 435 2152 hoc
451 2093 608 2172 essequod
629 2092 740 2152 dietum
754 2104 807 2150 est.
820 2093 849 2152 Si
861 2111 915 2150 au-

159 2197 217 2243 tem
231 2186 347 2263 penitus
359 2183 511 2242 aboleatur
528 2203 565 2242 ex
578 2183 692 2255 auimo,
705 2203 759 2242 nec
776 2182 916 2242 admoniti

159 2275 382 2334 reminiscimur.
406 2280 507 2352 Neque
531 2275 609 2333 enim
632 2272 798 2332 omnimodo
820 2272 916 2333 adhuc

160 2364 243 2426 obiiti
254 2385 368 2436 sumus,
387 2365 467 2444 quod
480 2366 527 2423 vel
541 2364 648 2424 oblitos
666 2384 718 2424 nos
732 2383 794 2422 esse
813 2365 917 2423 memi-

159 2459 264 2538 nimus.
286 2461 350 2515 Hoc
371 2477 440 2534 ergo
455 2477 509 2516 nee
532 2458 669 2515 amissum
689 2474 821 2535 quaerere
834 2469 917 2534 pote-

159 2548 266 2619 rimus,
284 2545 364 2624 quod
381 2547 499 2604 omnino
515 2546 601 2604 obliti
620 2537 769 2605 fuerimus.

405 2771 407 2776 ·
425 2733 558 2796 CAPUT
579 2736 650 2796 XX.

162 2909 197 2956 Ut
206 2905 377 2959 beatitudinem
389 2924 472 2960 omnes
483 2917 611 2976 appetent,
624 2915 718 2974 oportet
731 2923 783 2958 eam
794 2911 916 2961 noverint.

201 3077 249 3138 29.
271 3081 424 3155 Quomodo
438 3097 507 3156 ergo
520 3092 548 3138 te
561 3100 677 3158 quaero,
689 3085 832 3142 Domine?
844 3089 916 3145 Cum

160 3171 237 3228 enim
256 3182 284 3228 te
304 3175 399 3230 Deum
424 3190 521 3228 meum
549 3181 662 3248 quaero,
689 3173 778 3232 vitam
802 3174 916 3232 beatam
