2352 4094
264 513 314 562 us
449 513 475 561 s.
493 509 675 560 uuuusrmr
692 508 838 562 urrscom
863 497 872 508 '

161 621 163 626 ’
262 627 355 676 tuum.
364 615 398 669 In
408 611 485 670 duno
494 625 547 671 ¹tuo
559 611 784 690 requiescimus3
795 611 838 670 ibi
849 624 878 670 te
889 611 1033 673 fruimur.

215 759 220 769 ,
262 702 387 778 Requies
397 715 509 774 nostra,
521 704 602 761 locus
615 715 722 760 noster.
737 706 829 760 Amor
849 701 918 760 illuc
933 705 1031 762 attul-

261 793 295 848 lit
308 811 376 864 nos,
387 805 416 849 et
431 793 555 870 Spiritus
572 805 639 850 tuus
648 789 742 851 bonus
755 793 863 850 exaltat
877 792 1035 854 humilita-

262 895 320 940 tem
333 896 462 942 nustram
476 884 512 942 de
525 885 619 962 portis
632 885 733 942 mortis
742 895 763 940 ¹.
778 888 813 941 In
827 883 905 943 bona
918 885 1034 944 volun-

262 985 321 1031 tate
335 995 393 1052 pax
402 973 487 1033 nobis
501 987 545 1032 est
556 984 578 1032 ².
588 977 701 1053 Corpus
711 975 843 1053 pondere
853 992 907 1033 suo
918 975 1033 1034 nititur

262 1065 298 1122 ud
311 1069 408 1124 iocum
419 1086 514 1124 suum.
528 1066 645 1125 Pondus
659 1085 718 1123 non
728 1065 765 1123 ad
776 1065 834 1123 ima
846 1078 957 1123 tantum
970 1079 1030 1138 est,

261 1155 313 1214 sed
323 1157 361 1214 ad
376 1158 474 1215 locum
486 1177 580 1215 suum.
597 1155 675 1233 Ignis
688 1175 803 1224 sursum
818 1154 925 1226 tendit,
940 1154 1035 1213 deor-

261 1267 333 1328 sum
348 1247 431 1323 lapis.
453 1246 636 1333 Ponderibus
656 1247 720 1310 suis
735 1259 872 1324 aguntur,
891 1248 955 1304 loca
973 1267 1032 1308 sua

262 1349 376 1416 petunt·
387 1339 490 1396 Oleum
501 1338 577 1396 infra
586 1359 692 1417 aquam
703 1340 809 1410 susum,
819 1359 910 1418 supra
919 1358 1030 1417 aquarn

263 1428 418 1500 attollitur5
433 1449 509 1506 aqua
528 1449 617 1509 supra
634 1429 730 1498 oleum
746 1429 823 1501 fusa,
836 1429 911 1488 infra
925 1430 1028 1496 oleum

263 1519 459 1604 demergimr;
475 1519 658 1598 ponderibus
674 1521 732 1579 suis
747 1532 881 1598 aguntur,
895 1519 960 1578 loca
971 1539 1028 1578 suu

260 1625 374 1690 petunt.
386 1615 482 1672 Minus
492 1613 639 1685 ordinatu,
652 1612 781 1689 inquieta
793 1624 874 1683 sunu
885 1610 1027 1676 ordinan—

261 1717 319 1777 tur,
340 1717 370 1763 et
386 1705 550 1783 quiescunt.
568 1703 686 1762 Pondus
707 1721 805 1761 meum
827 1721 909 1760 amor
925 1719 1025 1773 meus;

262 1815 298 1858 eo
312 1795 391 1853 feror
410 1813 597 1873 quocumque
617 1795 705 1852 feror.
722 1799 807 1850 Dono
823 1800 874 1850 tuo
888 1789 1026 1849 accendi-

262 1905 337 1956 mur,
353 1899 382 1942 et
395 1905 510 1945 sursum
521 1885 649 1943 ferimur.
666 1882 878 1942 Inardescimus
890 1895 919 1941 et
935 1883 1021 1941 imus.

261 1977 454 2036 Ascendimus
476 1963 656 2036 ascensiones
676 1977 706 2032 iu
729 1974 819 2034 corde
833 1975 855 2047 ³,
877 1987 905 2032 et
922 1986 1022 2033 canta-

262 2086 325 2125 mus
351 2067 497 2148 eauticum
521 2066 673 2146 graduum.
697 2061 767 2143 Igne
791 2077 856 2137 tuo,
877 2065 944 2144 igne
969 2077 1021 2125 tuo

261 2155 340 2216 bono
359 2157 568 2216 inardescimus
585 2169 615 2215 et
635 2157 727 2228 imus;
748 2156 885 2234 quoniam
905 2177 1020 2216 sursum

261 2248 337 2306 imus
351 2249 388 2306 ad
399 2269 501 2325 pacem
511 2248 687 2320 Jerusalem,
700 2244 837 2324 quoniam
843 2249 1021 2320 jucundatus

261 2329 322 2395 sum
341 2347 370 2395 in
379 2341 429 2395 'lu's
444 2346 493 2414 qui
505 2343 642 2420 dixerunr
656 2341 729 2396 milri
739 2339 765 2410 *‚
778 2343 812 2396 In
829 2342 941 2396 domum
955 2345 1020 2397 Do-

261 2431 334 2490 mini
360 2429 462 2484 ibimus
484 2430 506 2485 ⁴.
530 2430 596 2509 'lbi‘
615 2449 668 2488 nos
702 2430 857 2490 collocavit
884 2429 1019 2491 voluntas

260 2518 353 2590 bona,
367 2533 400 2577 ut
419 2519 491 2577 nihil
511 2520 634 2588 velimus
648 2520 728 2579 aliud
747 2541 833 2598 quam
847 2541 1019 2598 permanere

260 2610 319 2679 illic
338 2611 368 2668 in
386 2623 535 2687 aeternum,

300 2799 309 2824 ·’
319 2792 382 2842 Pssl.
399 2781 439 2851 ix,
457 2792 496 2840 15.
508 2815 544 2826 -—
559 2799 569 2824 ²
583 2796 640 2840 Luc.
652 2808 685 2850 u,
703 2795 740 2850 14,
753 2817 786 2826 -
805 2789 817 2828 ³
834 2791 895 2850 Psul.
911 2757 1023 2852 iussu,
1049 2863 1051 2866 Ι

257 2878 286 2940 ρ.
297 2901 330 2908 -
342 2872 354 2914 4
365 2874 428 2925 Psal.
443 2889 510 2930 cxxr,
525 2877 546 2921 1.
