2316 4020
272 358 319 406 168
454 358 479 405 S.
497 357 680 406 AUGUSTINI
697 356 839 406 EPISCOPI

517 506 650 572 CAPUT
671 499 760 572 XIV.

321 671 358 716 Do
372 669 420 718 vita
435 665 559 719 communi
573 663 666 733 menda
678 683 734 718 oum
749 665 838 718 amieis
850 665 974 718 deliberet.

303 822 351 880 24.
360 823 398 880 Et
405 823 489 882 multi
500 823 585 882 amici
596 811 807 902 agitaveramus
819 821 925 892 annno,
933 833 963 879 et
972 822 1033 880 eol-

268 912 419 988 loquentes
439 932 473 970 ac
494 912 668 972 detestantes
693 910 875 970 turbulentas
893 910 1031 969 hnmanae
1046 935 1067 956 -’
1097 935 1100 940 ·

269 1003 336 1060 vitae
350 1003 509 1075 molestias,
530 1022 605 1082 pene
617 1002 676 1082 jam
692 1003 909 1069 firmaveramus
923 1003 1031 1061 remoti

270 1113 286 1149 a
303 1093 407 1152 turbis.
418 1094 510 1153 otiose
526 1094 625 1154 vivere
641 1093 692 1151 :id
706 1094 799 1152 otium
811 1091 853 1150 sic
872 1091 979 1164 moliti,
996 1105 1032 1150 ut

270 1184 294 1240 si
309 1183 381 1261 quid
400 1183 509 1242 habere
528 1204 693 1263 possemus,
707 1185 906 1242 conferremus
919 1181 949 1240 in
963 1201 1030 1240 me—

270 1271 365 1345 dium,
384 1294 530 1353 unamque
555 1294 618 1332 rem
639 1274 810 1332 familiarem
837 1271 1031 1331 conflaremus

269 1381 306 1420 ex
318 1362 466 1436 omnibus;
488 1378 521 1423 ut
535 1384 588 1443 per
609 1363 742 1422 amicitiae
756 1361 950 1428 sinceritatem
969 1381 1030 1420 non

269 1467 344 1513 esset
359 1455 437 1514 aliud
452 1455 539 1534 hujus
562 1468 590 1515 et
613 1455 693 1514 aliud
711 1455 804 1527 illiusa
823 1452 874 1511 sed
896 1452 975 1531 quod
992 1472 1031 1511 ex

270 1547 382 1605 eunctis
397 1547 480 1605 lieret
495 1567 603 1620 uuum,
618 1561 648 1606 et
662 1546 831 1606 universum
847 1543 1030 1621 singulorum

270 1648 358 1709 esset,
371 1649 400 1694 et
414 1637 511 1696 omnia
522 1639 651 1697 omnium
666 1657 673 1693 ε
687 1655 753 1694 cnm
764 1635 932 1694 videremur
944 1631 1030 1691 nobis

271 1745 332 1800 esse
351 1746 436 1804 posse
450 1725 551 1786 decom
570 1728 661 1804 ferme
674 1726 806 1785 homines
821 1725 851 1782 in
866 1723 968 1798 eadem
981 1742 1031 1781 so-

271 1818 389 1891 cietate,
402 1831 554 1896 essentque
577 1820 717 1878 internos
731 1815 913 1894 praedivites,
923 1819 1032 1873 Roma-

270 1909 373 1966 nianus
404 1911 529 1970 maxime
557 1909 773 1988 communiceps
802 1919 915 1978 noster,
942 1924 1030 1982 quem

271 2009 340 2056 tunc
351 2019 452 2076 graves
465 2014 550 2059 aestus
561 2001 743 2078 negotiorum
755 2017 876 2057 suorum
890 1996 926 2055 ad
942 1995 1031 2054 comi-

270 2100 364 2162 tatum
373 2081 574 2161 attraxerant,
593 2088 631 2148 ab
652 2088 770 2148 ineunte
789 2099 873 2146 aetate
897 2085 967 2144 mihi
990 2086 1032 2144 la·

271 2179 495 2254 miliarissim'us3
515 2181 566 2259 qui
588 2181 713 2240 maxime
735 2180 862 2239 instabat
881 2177 951 2236 huic
972 2175 1030 2248 rei,

272 2282 302 2328 et
318 2289 450 2348 maguam
464 2271 494 2330 in
506 2271 655 2335 suadendo
670 2270 800 2346 habebat
814 2267 1016 2329 auctoritatem
1024 2310 1033 2339 ,

272 2360 352 2439 quod
365 2362 462 2440 ampla
471 2381 518 2420 res
532 2361 595 2440 ejus
608 2362 733 2444 multum
754 2359 864 2420 caeteris
878 2355 1007 2417 anteibat
1023 2375 1033 2413 :·

273 2465 301 2510 et
318 2451 469 2530 placuerat
481 2452 565 2512 nobis
584 2467 617 2511 ut
629 2451 692 2511 bini
710 2456 796 2512 annui
813 2457 951 2528 'tanquam
968 2467 1032 2506 ma-

272 2544 408 2622 gistratus
431 2544 529 2603 omnia
557 2544 719 2603 necessaria
743 2545 901 2614 curarent‚‘
921 2539 1032 2598 caeteris

273 2634 387 2714 quietis.
408 2635 465 2694 Sed
480 2647 669 2714 posteaquam
692 2634 781 2712 coepit
799 2629 919 2710 cogitari
932 2641 1031 2688 utrum

273 2728 330 2790 hoo
348 2727 525 2786 mulierculae
543 2727 681 2798 sinerent,
698 2743 771 2803 quas
791 2737 820 2782 et
833 2722 881 2781 alii
901 2732 1031 2780 nostrum

270 2816 331 2894 jam
345 2816 493 2876 habebant
498 2861 507 2891 ,
519 2830 548 2876 et
556 2838 610 2877 nos
619 2815 728 2875 habere
742 2813 928 2883 volebamus,
938 2820 1031 2868 totum

273 2904 346 2964 illud
362 2906 502 2985 placitum
516 2907 597 2986 quod
612 2905 687 2966 bene
699 2903 898 2963 formabamus
906 2901 930 2975 *,
945 2898 1030 2958 dissi-

271 2996 326 3056 luit
339 2993 370 3054 in
381 2997 528 3071 manibus,
544 3009 632 3076 atque
648 2995 828 3056 confractum
840 3006 869 3071 et
884 2987 1030 3069 abjectum

274 3100 326 3147 est.
339 3085 411 3146 Inde
427 3086 465 3146 ad
481 3087 605 3166 suspiria
619 3099 648 3146 et
658 3085 784 3166 gemitus
791 3085 815 3158 *,
826 3096 856 3143 et
867 3099 982 3162 gressus
993 3078 1029 3138 ad
