2384 4052
277 461 328 510 300
461 457 485 508 S.
505 455 686 508 AUGUSTINI
704 457 844 512 Entscorr

276 561 399 638 seipsam
420 562 450 618 in
466 562 605 620 memoria
621 573 734 620 tenetur
748 563 875 632 oblivio,
889 563 953 642 ipsa
970 566 1032 623 uti-

274 669 333 728 que
352 649 452 707 aderat
469 663 504 708 nt
524 649 586 726 ejus
604 651 700 727 imago
718 663 880 729 caperetur.
895 656 967 711 Cum
980 673 1033 712 au·

190 781 193 785 -
269 752 335 797 ‚tem
353 739 476 811 adesset,
490 739 639 818 quomodo
651 741 805 817 imaginem
820 761 901 799 suam
920 743 950 800 in
966 763 1031 801 me-

277 831 370 888 moria
396 829 615 901 conscribebat,
637 830 755 907 quando
780 830 811 887 id
839 831 926 888 etiarn
951 831 1033 909 quod

275 917 336 994 jam
351 931 481 977 notatum
494 920 618 990 invenit,
632 915 785 995 praesentia
798 938 850 977 sua
863 918 941 977 delet
956 919 1033 978 obii-

278 1007 327 1064 vio
336 1009 348 1064 i
358 1013 397 1065 Et
412 1021 508 1066 tamen
523 1027 710 1085 quocumque
720 1007 824 1078 modo,
836 1008 905 1066 licet
918 1009 956 1066 sit
967 1027 1033 1068 mo·

278 1097 332 1155 dus
353 1098 407 1155 iste
428 1096 729 1175 incomprehensibilis
750 1110 778 1156 et
802 1097 1031 1176 inexplicabilis,

278 1187 364 1266 etiam
383 1189 475 1265 ipsam
495 1187 671 1246 oblivionem
682 1187 855 1248 ⁴meminisse
871 1207 918 1246 me
935 1201 1031 1248 certus

277 1295 357 1349 sum,
375 1277 476 1354 quaid
492 1275 573 1355 quod
593 1277 807 1336 meminerimus
826 1277 969 1338 obruitur.

521 1443 655 1506 CAPUT
674 1441 779 1506 XVII.

304 1587 393 1655 Magna
410 1587 530 1641 memorie
545 1588 597 1649 vis,
613 1589 656 1639 sed
675 1587 739 1640 nitra
756 1589 958 1661 progrediendum
973 1601 1003 1652 ‚ut

543 1669 673 1736 attingatur
691 1673 766 1719 Deus.

318 1817 365 1876 26.
378 1822 482 1895 Magna
494 1819 538 1876 vis
551 1831 594 1877 est
603 1816 763 1888 memoriae,
771 1815 869 1873 neseio
880 1815 951 1891 quid
964 1816 1031 1872 hor·

279 1908 418 1979 rendum,
432 1913 512 1966 Deus
522 1928 620 1978 meus,
632 1905 778 1984 profunda
789 1915 818 1962 ct
834 1905 947 1962 infinita
956 1904 1031 1962 mul-

279 1998 431 2077 tiplieitas;
452 2011 482 2054 et
500 1997 556 2056 hoc
575 1997 687 2054 animus
704 2007 761 2064 est,
779 2005 807 2051 et
825 1993 881 2050 hoe
899 2011 952 2069 ego
968 1993 1032 2070 ipse

279 2103 352 2144 sum.
367 2085 445 2159 Quid
462 2105 531 2162 ergo
545 2105 626 2156 sum,
642 2090 720 2142 Deus
736 2083 838 2139 meus?
851 2101 915 2158 quae
927 2094 1031 2142 natura

279 2177 360 2232 sum?
377 2175 479 2246 Varia,
495 2174 666 2233 multimoda
682 2173 756 2244 vita,
775 2184 804 2228 et
818 2171 959 2230 immensa
975 2192 1029 2230 ve-

278 2265 436 2321 hementer.
459 2268 534 2322 Ecce
555 2265 586 2322 in
604 2262 751 2321 memoriae
774 2281 844 2319 meae
870 2262 978 2340 campis
1001 2274 1031 2319 et

279 2351 369 2409 antris
382 2365 411 2409 et
423 2353 552 2410 cavernis
563 2350 836 2423 innumerabilibus,
847 2363 934 2428 atque
942 2351 1030 2409 innu-

279 2439 458 2501 merabiliter
476 2443 569 2520 plenis
585 2441 842 2501 innumerabilium
860 2459 959 2498 rerum
980 2461 1031 2518 ge·

277 2530 411 2604 neribuS,
427 2533 488 2590 sive
501 2553 554 2610 per
565 2533 717 2610 imagines,
732 2533 807 2590 sicut
822 2530 951 2589 omnium
963 2549 1030 2590 cor-

277 2641 395 2700 porum,
408 2624 469 2682 sive
481 2644 535 2702 per
545 2624 742 2702 praesentiam,
753 2623 827 2681 sicut
840 2621 959 2692 artium,
968 2620 1030 2679 sive

278 2732 332 2790 per
346 2713 443 2772 nescio
458 2733 530 2791 quas
549 2715 680 2772 notiones
694 2713 741 2772 vel
761 2712 938 2782 notationes,
955 2711 1031 2769 sicut

278 2800 465 2860 affectionum
486 2804 590 2875 animi,
607 2804 678 2880 fluas
703 2813 732 2858 et
755 2819 822 2858 cum
843 2798 955 2857 animus
972 2819 1031 2858 non

278 2889 402 2966 patitur,
416 2893 555 2949 memoria
569 2903 658 2962 tenet,
673 2908 739 2948 curn
750 2888 781 2944 in
795 2887 891 2945 animo
902 2887 939 2944 sit
949 2886 1032 2964 quid·

278 2976 350 3054 quid
364 2990 407 3036 est
421 2979 452 3036 in
467 2980 626 3038 memoria:
641 2977 771 3057 perhanc
789 2977 885 3034 omnia
898 2975 1031 3035 discurro

279 3079 307 3126 et
332 3069 438 3141 volito,
462 3069 516 3127 bac
541 3069 606 3126 illac
629 3079 750 3147 penetro
775 3065 862 3125 etiam
889 3077 1030 3143 quantum

278 3177 410 3234 possum,
423 3171 452 3217 et
464 3159 528 3218 finis
539 3177 699 3236 nusquam3
713 3169 793 3216 tanta
803 3157 848 3215 vis
862 3168 906 3214 est
919 3172 1031 3214 memo·
