2356 4018
247 424 296 471 aas
349 397 352 404 ⁴
428 422 454 470 s.
469 383 657 470 'nunusrrnr
675 417 820 468 urncort

246 522 288 580 ibi
299 515 455 578 Nebridius
471 522 552 576 meus
568 519 657 590 vivit,
678 519 771 588 duleis
785 521 895 578 amicus
911 543 1003 595 merus,

247 624 320 670 tuus
339 621 452 680 autem,
480 610 624 681 Domine,
655 609 810 689 adoptivus
834 631 870 668 ex
895 611 1002 672 liberto

245 701 322 759 filins
331 721 340 772 ;
358 698 401 757 ibi
416 699 496 757 vivit
518 703 592 756 Nam
604 698 670 776 quis
683 700 819 757 aliustali
835 701 936 782 animae
954 704 1000 761 lo-

248 792 318 849 cus?
342 789 389 848 Ibi
407 791 497 860 vivit,
523 788 604 860 unde
626 793 673 867 me
694 779 786 847 multa
806 791 1002 872 interrogabat

246 879 474 938 homuncionem
486 879 682 962 inexpertum.
693 882 766 936 -Jam
780 899 839 937 non
852 883 935 959 ponit
948 901 1003 940 au-

248 991 310 1029 rem
323 970 360 1027 ad
381 990 413 1028 os
426 989 540 1042 meum,
560 967 611 1026 sed
628 969 778 1047 spirituale
791 990 823 1028 os
842 970 878 1028 ad
895 972 1004 1036 iontem

248 1052 347 1133 tuum,
374 1072 402 1118 et
423 1059 516 1132 bibit,
538 1071 680 1136 quantum
701 1072 813 1138 potest,
834 1061 1004 1139 sapientiam

250 1170 306 1230 pro
320 1149 457 1208 aviditate
471 1169 538 1220 sua,
558 1149 618 1208 sine
632 1149 689 1207 fine
707 1151 785 1208 felix.
808 1154 869 1208 Nee
882 1151 923 1209 sic
938 1170 1005 1209 eum

251 1239 378 1321 arbitror
394 1238 534 1297 inebriari
555 1259 592 1298 ex
608 1259 657 1312 ea,
678 1252 718 1299 utv
731 1240 921 1300 obliviscatur
938 1244 1004 1313 mei,

214 1317 217 1323 ’
251 1348 318 1387 curn
334 1341 385 1401 tu,
401 1329 542 1400 Domine,
563 1348 651 1406 quem
666 1341 749 1407 potat
761 1330 811 1389 ille
818 1327 840 1403 *,
862 1333 956 1396 nostri
964 1332 1006 1396 ,sis

253 1421 371 1478 memor.
394 1419 526 1496 sicergo
546 1437 659 1476 eramus
674 1420 879 1479 verecundum
898 1439 1004 1478 conso-

252 1510 343 1566 lantes
359 1509 482 1580 tristem,
504 1509 582 1566 salva
594 1509 735 1582 amicitia,
756 1509 793 1568 de
814 1511 864 1568 tali
879 1529 1003 1568 convor-

252 1599 334 1656 sione
351 1609 451 1656 nostra
461 1596 485 1668 *,
504 1608 533 1656 et
546 1597 731 1656 exhortantes
744 1598 781 1656 ad
798 1599 886 1658 fidem
899 1587 1005 1677 gradus

251 1689 310 1760 sui,
327 1689 393 1747 vitae
405 1687 515 1748 scilicet
529 1686 702 1765 conjugalis,
722 1688 895 1747 Nebridium
909 1702 1005 1749 antem

252 1781 434 1858 opperientes
452 1777 570 1856 quando
585 1791 768 1856 sequeretur,
794 1779 875 1856 quod
892 1778 930 1838 de
949 1792 1006 1838 tam

252 1872 388 1948 proximo
401 1881 524 1945 poterat,
539 1881 568 1926 et
582 1881 643 1924 erat
653 1867 714 1943 jam
725 1867 846 1944 jamque
859 1869 1006 1928 facturus:

254 1979 321 2018 oum
342 1978 410 2018 ecee
427 1957 537 2016 evoluti
556 1968 624 2015 sunt
642 1956 703 2014 dies
723 1958 766 2016 illi
785 1956 919 2030 tandem3
940 1977 1007 2018 nam

180 2049 181 2052 ’
253 2049 332 2126 longi
351 2061 379 2107 et
393 2048 477 2106 multi
494 2046 749 2128 videbantnr‘prae
770 2065 868 2105 amore
886 2045 1008 2105 liberta-

254 2139 292 2196 tis
312 2138 428 2207 otiosae,
451 2135 489 2192 ad
507 2135 681 2194 cantandum
701 2135 738 2194 de
757 2135 890 2194 medullis
910 2137 1006 2194 omni—

254 2226 326 2296 bus,
356 2223 422 2280 Tibi
429 2227 521 2282 oluit
546 2241 723 2299 cormeum,
753 2228 878 2299 Quaesivi
897 2228 1007 2282 vultum

255 2328 331 2372 tuum
340 2315 479 2386 rnultum
493 2327 573 2370 tuum
582 2324 600 2384 ‚i
607 2317 744 2388 Domine,
762 2305 905 2392 requiram
915 2323 934 2370 ¹.

507 2449 659 2531 'otrur
679 2471 736 2534 tv.

255 2615 325 2667 Libri-
337 2616 402 2684 apud
414 2615 575 2668 cassiciacum
588 2618 803 2687 scripti-Epinoion
813 2619 843 2669 ad
858 2618 1015 2671 Nebridiumr

289 2697 385 2762 Quibus
397 2696 488 2748 ooelitus
497 2697 608 2765 perinsus
619 2697 713 2765 gratiis,
726 2707 751 2748 et
764 2699 835 2768 quani
846 2699 926 2750 vivido
936 2701 1011 2768 pieta·

290 2777 322 2827 tis
336 2795 421 2840 sensu¹
434 2779 492 2828 d'um
500 2779 604 2830 Psalmos
614 2779 709 2832 evolvit.
723 2780 849 2831 Acerrimo
859 2781 940 2832 dolore
951 2769 1012 2832 'den-

291 2859 351 2911 tium
364 2861 446 2911 subito
458 2860 589 2934 liberatur.¹
618 2849 621 2857 Κ
958 2849 962 2870 ”

297 2991 322 3046 7.
343 2995 379 3049 Et
391 2994 471 3052 venit
483 2993 544 3053 dies
556 2996 587 3053 in
599 2996 757 3072 quoetiam
772 3007 839 3054 actu
855 2997 983 3055 solverer
991 3015 1016 3053 a.

292 3145 300 3170 ¹
317 3119 380 3187 Psal.
393 3153 461 3205 nrm,
475 3143 499 3202 ⁸2·
