2352 4094
294 479 345 527 ³74
479 474 504 522 S.
524 473 705 524 Auousum
722 471 864 524 EPISCOPI

293 591 431 634 versuum
446 572 547 651 spatiis
560 570 686 650 pedum,
705 583 735 630 et
749 572 845 650 spatia
857 572 967 650 pedum
982 593 1067 653 spa·
1163 575 1164 597 l

295 667 341 725 tiis
353 663 540 742 syllabarum,
557 675 586 722 et
599 665 693 740 spatia
704 663 857 742 longarum
870 665 972 743 spatiis
984 665 1069 728 bre-

292 759 404 814 vium:
429 775 488 814 non
513 755 544 814 in
571 755 683 834 paginis
708 753 786 832 (nam
812 775 848 814 eo
873 755 962 814 modo
990 758 1070 816 loca

293 848 439 917 metimur,
460 865 519 904 non
535 843 696 924 tempora),
720 841 771 902 sed
787 864 855 902 eum
870 863 958 904 voees
980 866 1064 925 pro-

293 937 452 996 nuntiando
465 947 628 1006 transeunt,
643 947 673 993 et
685 934 824 1006 dicimus,
837 939 970 1014 Longum
987 957 1063 996 car—

293 1049 360 1088 men
378 1040 438 1100 est,
464 1047 531 1086 nam
550 1039 593 1084 tot
612 1024 746 1085 versibus
764 1027 949 1099 conterritum
974 1029 1064 1106 longi

293 1138 409 1190 versus,
424 1136 492 1174 nam
506 1128 550 1175 tot
560 1115 687 1195 pedibus
700 1127 847 1188 constant3
861 1117 941 1195 longi
954 1117 1065 1197 pedes,
1126 1195 1131 1204 Ι

292 1227 360 1266 nam
370 1219 413 1266 tot
424 1204 543 1283 syllabis
554 1204 729 1278 tenduntur;
744 1203 833 1283 longa
843 1205 972 1282 syllaba,
987 1226 1061 1264 nam

277 1341 279 1344 -
294 1298 385 1375 dupla
403 1309 446 1355 est
465 1295 502 1354 ad
519 1295 651 1355 brevem.
671 1295 729 1355 Sed
746 1315 842 1372 neque
862 1296 904 1354 ita
919 1317 1063 1374 eompre-

293 1388 432 1447 henditur
458 1399 537 1446 certa
568 1405 703 1446 mensure
726 1387 868 1464 temporis
880 1409 889 1460 ;
918 1388 1061 1465 quando-

293 1479 412 1558 quidem
425 1479 488 1538 fieri
501 1490 606 1556 potest,
620 1489 653 1536 ut
662 1477 797 1556 ampliori
811 1477 904 1556 spatio
915 1479 1060 1556 temporis

293 1582 431 1650 personet
448 1589 550 1628 versus
563 1568 682 1627 brevior
700 1568 724 1626 si
737 1567 909 1646 productius
926 1588 1060 1647 pronun·
1161 1617 1162 1624 ,

294 1663 393 1734 tietur,
409 1680 497 1740 quam
509 1659 624 1737 longior
637 1661 661 1717 si
676 1658 846 1736 correptius.
868 1663 913 1717 Ita
926 1679 1056 1732 carmen,
1159 1672 1162 1725 ζ

264 1757 268 1765 ’
293 1755 334 1810 ite
350 1763 415 1830 pes,
428 1751 469 1808 ita
483 1747 603 1827 syllaba.
625 1749 697 1807 Inde
713 1748 785 1806 mihi
796 1748 891 1806 visum
906 1761 964 1820 est,
981 1749 1055 1807 nihil

295 1861 357 1900 esse
381 1838 459 1898 aliud
490 1850 605 1916 tempus
631 1857 719 1914 quam
744 1836 947 1896 distentionem
970 1858 977 1892 :
1002 1838 1055 1896 sed
1158 1892 1162 1909 ,

295 1930 380 2009 eujus
391 1929 442 2001 rei,
454 1929 567 2000 nesci03
579 1928 729 1986 etmirum
742 1927 767 1986 si
780 1947 839 1986 non
850 1928 942 2006 ipsius
953 1927 1053 1987 animi.

294 2022 372 2098 Quid
393 2021 469 2080 enim
491 2020 610 2093 metior,
635 2018 774 2092 obsecro,
798 2025 879 2078 Deus
900 2040 1000 2093 meus,
1025 2033 1054 2079 et

295 2113 362 2172 dico
384 2125 434 2170 aut
455 2111 622 2182 indefinite,
644 2109 772 2188 Longius
791 2122 835 2192 est
857 2109 914 2168 hoc
937 2123 1053 2188 tempus

295 2221 383 2281 quam
404 2200 496 2270 illud;
523 2198 683 2258 autetiam
704 2197 836 2270 definite,
859 2199 989 2277 Duplum
1009 2213 1054 2259 est

294 2293 351 2350 hoc
372 2290 409 2350 ad
426 2289 521 2348 illud?
543 2295 670 2367 Tempus
689 2290 804 2364 metior,
827 2290 887 2350 seio
901 2311 908 2347 :
923 2289 974 2349 sed
993 2311 1053 2350 uon

294 2383 401 2443 metior
414 2381 561 2452 futurum,-
574 2381 642 2457 quis
652 2381 783 2441 nondum
799 2394 858 2456 est;
875 2403 935 2442 non
948 2383 1054 2443 metior

294 2490 438 2551 praesens,
458 2469 528 2548 quia
540 2470 622 2546 nullo
639 2471 733 2549 spatio
749 2471 893 2544 tenditur;
917 2492 976 2546 nou
990 2491 1054 2532 me-

296 2565 353 2623 tior
368 2562 567 2641 praeteritum,
585 2561 655 2640 quia
665 2559 727 2640 jam
742 2551 801 2621 non
817 2575 870 2622 est.
891 2563 969 2638 Quid
982 2581 1053 2641 ergo

296 2654 423 2714 metior?
447 2658 492 2712 An
507 2652 713 2732 praetereuntia
727 2665 877 2731 tempora,
901 2672 960 2712 nou
976 2671 1054 2730 prae-

297 2746 401 2805 terite?
420 2745 462 2806 sic
475 2743 553 2805 enim
567 2742 707 2802 dixeram.

524 2911 658 2973 CAPUT
677 2909 813 2973 XXVII.

325 3058 453 3125 Quomodo
476 3057 589 3110 metimur
610 3063 703 3126 tempus
724 3073 868 3126 permanens
887 3058 914 3108 in
934 3059 1021 3108 animo.

338 3205 385 3265 34.
397 3206 516 3278 lusiste,
531 3207 625 3268 anime
636 3226 732 3281 meus,
746 3219 776 3267 et
788 3207 905 3266 attende
919 3207 1050 3269 sortiter:

1162 3041 1164 3109 l
