2356 4018
231 464 284 511 254
415 459 442 509 S.
459 456 641 508 Aucusuuu
658 455 802 508 EPISGOPI

229 558 391 638 ingenium
401 569 430 615 et
439 557 504 634 quis
513 569 656 635 praeterte
665 557 768 614 talium
779 557 986 622 miraculorum

231 649 348 732 opifex?
366 645 428 704 Cito
445 645 482 704 de
499 657 583 716 terra¹
597 645 740 704 abstulisti
760 645 851 705 vitam
870 649 944 726 ejus3
957 663 985 708 et

230 738 360 798 securior
379 755 446 795 eum
464 736 621 817 recordor,r
632 756 691 794 non
706 736 809 796 timens
827 738 985 816 quidquam

230 828 376 909 pueritiae,
389 848 443 886 nec
456 827 671 897 adolescentiae,
681 847 735 886 nec
748 828 866 886 omnino
878 830 987 888 homini

230 919 280 978 illi.
303 918 481 979 sociavimus
502 935 569 975 eum
593 935 724 975 coaevum
744 916 828 976 nobis
848 919 878 976 in
897 919 989 996 gratia

231 1022 295 1081 tua,
313 1005 498 1066 educandum
514 1007 545 1064 in
559 1006 714 1085 disciplina
729 1018 794 1080 tua;
804 1019 835 1065 et
850 1007 989 1086 baptizati

232 1119 346 1170 sumus,
361 1097 472 1177 etfugit
483 1087 595 1154 anobis
606 1097 771 1154 sollicitudo
785 1097 851 1156 vitae
865 1111 988 1176 praeter-

231 1191 289 1249 itae.
306 1194 366 1248 Nec
386 1184 512 1246 satiabar
531 1186 586 1244 illis
605 1185 708 1244 diebus
727 1186 880 1245 dulcedine
898 1188 988 1246 mira·
1079 1235 1083 1240 .

232 1281 299 1352 hili,
312 1279 496 1339 considerare
512 1277 695 1338 altitudinem
714 1278 826 1336 consilii
843 1279 886 1337 tui
902 1299 990 1358 super

155 1375 157 1378 ’
232 1375 354 1431 salutem
385 1369 499 1448 generis
526 1369 653 1428 humani.
686 1374 832 1444 Quantum
862 1369 929 1428 fleri
959 1371 990 1428 in

232 1462 347 1540 hymnis
357 1473 386 1520 ot
400 1459 521 1524 canticis
532 1459 604 1531 tuis,
617 1479 706 1517 suave
715 1457 842 1516 sonantis
855 1459 990 1518 Ecclesiae

233 1565 290 1612 tuae
308 1549 430 1609 vocibus
443 1555 609 1607 commotus
624 1548 746 1607 acriter!
760 1554 852 1607 Voces
865 1549 921 1606 illae
932 1549 989 1606 in-

233 1640 364 1702 fluebant
385 1637 505 1698 auribus
525 1636 609 1708 meis,
632 1647 660 1695 et
680 1636 864 1713 eliquabatur
884 1637 990 1695 veritas

233 1733 264 1791 in
279 1752 329 1791 cor
345 1749 457 1802 meum3
469 1740 498 1786 et
512 1725 688 1786 exaestuabat
704 1725 773 1784 inde
794 1726 915 1785 allectus
928 1727 991 1804 pie-

234 1822 300 1879 tatis
307 1820 330 1892 *‚
345 1833 374 1878 et
385 1816 543 1878 currebant
555 1817 704 1893 lacrymae,
718 1827 746 1872 et
757 1814 833 1874 bene
844 1815 915 1874 mihi
930 1829 992 1874 erat

235 1931 367 1970 cumeis.

454 2043 457 2048 '
497 2053 632 2115 aanor
653 2009 726 2116 vu.
786 2051 809 2058 “·

271 2214 433 2268 Ecclesiastiei
450 2223 535 2264 cantus
552 2213 671 2275 institutio
688 2213 829 2265 Mediolani.
849 2214 956 2264 Intentio

375 2311 505 2362 corporum
525 2298 566 2345 ss.
577 2293 678 2344 umusii
691 2303 715 2344 et
732 2294 862 2346 Gerrasii.‘

278 2455 324 2512 ts.
345 2459 409 2512 Non
419 2454 506 2531 longe
519 2465 645 2532 coeperat
657 2455 878 2513 Mediolanensis
889 2457 991 2515 Eccle-

237 2547 278 2606 sia
305 2566 395 2624 genus
422 2546 479 2605 hoc
505 2546 707 2606 consolationis
730 2559 759 2605 et
785 2533 1014 2612 exhortationis,

238 2637 401 2709 celebrare,
415 2657 519 2716 magno
533 2637 629 2696 studio
643 2638 765 2700 fratrum
778 2637 992 2697 concinentium

237 2727 358 2786 vocibus
374 2740 410 2785 et·
421 2727 568 2786 cordibus.
588 2726 732 2785 Nimirum
746 2732 837 2802 atinus
850 2739 925 2799 erat,
942 2740 995 2786 aut

237 2838 296 2875 non
315 2818 405 2875 multo
425 2819 569 2896 amplius„
590 2837 657 2876 oum
675 2817 787 2875 lustina
803 2817 993 2896 Valentiniani

238 2908 312 2988 regis
328 2909 413 2985 pueri
426 2922 527 2982 mater,
546 2909 695 2967 hominem
709 2907 993 2985 tuum-Ammosium

237 3009 469 3076 persequeretur,
481 2987 608 3057 haeresis'
617 3019 676 3057 suae
694 2999 884 3081 causa‚·‘quav*
899 2998 994 3057 luerat

187 3086 201 3120 ⁵
238 3088 358 3147 seducta
369 3088 407 3147 ab
418 3090 541 3148 Arianis.
550 3089 725 3148 Excubabat
735 3090 785 3169 pia
797 3088 880 3169 plebs
894 3089 923 3146 in
942 3107 992 3145 ec-

240 3179 339 3251 elesia,
360 3179 434 3239 mori
454 3191 555 3260 parata
577 3200 645 3240 eum
662 3180 803 3260 episcopo
821 3199 888 3253 suo,
909 3197 993 3236 servo
