2394 4010
337 501 588 562 COEIFESSIONUM
605 503 699 553 LIBER
717 503 750 552 X.
866 508 916 558 279

168 603 265 661 fructu
277 603 332 660 ista
345 603 460 676 faciam,
472 603 569 680 eliqua
582 603 663 661 mihi.
678 609 752 663 Nam
764 605 919 666 consessio-

167 713 218 751 nes
235 693 450 771 praeteritornm
469 694 611 750 malornm
630 693 855 771 meorum‚quae
867 716 918 754 re-

168 779 270 839 misisti
284 792 312 838 et
330 781 426 839 texisti
444 794 477 839 ut
494 780 596 840 beares
615 800 661 840 me
681 782 713 840 in
731 795 759 840 te
770 792 789 853 ¹,
804 797 919 844 mutans
948 799 950 804 ’

168 870 294 929 animam
308 890 402 929 meam
415 869 472 929 fide
485 883 514 930 et
527 875 712 931 Sacramento
725 885 785 945 tuo,
800 894 866 932 cum
878 876 919 935 le-

168 973 277 1035 guntur
294 972 323 1017 et
341 959 510 1032 audiuntur,
525 959 653 1022 excitant
669 981 720 1018 cor
735 983 774 1020 ne
794 960 921 1026 dormiat

167 1051 199 1107 in
214 1051 415 1129 desperatione
428 1065 456 1110 et
467 1050 553 1124 dicat,
566 1057 631 1110 Non
644 1072 776 1131 possnm;
789 1053 840 1111 sed
854 1055 918 1112 evi-

166 1141 237 1217 gilet
256 1143 287 1199 in
306 1161 405 1200 amore
422 1141 629 1201 misericordiae
646 1156 702 1201 tuae
721 1157 749 1202 et
764 1143 919 1206 dulcedine

168 1230 267 1307 gratiae
281 1243 346 1304 tuae‚
361 1251 419 1309 qna
431 1244 534 1310 potens
547 1245 589 1290 est
602 1233 696 1298 omnis
710 1233 853 1306 infirmus,
867 1237 919 1313 qui

167 1316 225 1376 sibi
240 1340 293 1397 per
305 1321 398 1398 ipsam
414 1322 446 1379 fit
465 1322 598 1380 conscius
611 1321 787 1381 infirmitatis
802 1343 870 1381 suae.
883 1328 919 1382 Et

169 1405 291 1466 delectat
313 1408 406 1468 bonos
430 1411 532 1469 audire
553 1412 700 1491 praeterita
719 1414 794 1471 maia
817 1433 918 1473 eorum

95 1578 99 1584 Ι
168 1502 219 1579 qni
228 1501 288 1578 jam
304 1513 403 1559 carent
414 1499 470 1572 eis3
482 1520 538 1558 nec
546 1501 613 1558 ideo
629 1501 750 1559 delectat
761 1503 831 1577 quia
843 1504 918 1563 mala

169 1604 246 1662 sunt,
263 1591 313 1648 sed
327 1590 396 1668 quia
410 1589 528 1646 fuerunt
542 1601 570 1647 et
581 1609 640 1646 non
652 1601 727 1646 sunt.
742 1595 807 1664 Quo
820 1591 919 1668 itaque

166 1682 275 1752 fructu,
294 1679 419 1738 Domine
437 1698 518 1736 mens
541 1675 589 1736 cui
612 1678 744 1754 quotidie
767 1680 919 1739 confitetur

167 1771 344 1830 conscientia
362 1789 444 1841 mea,
467 1787 518 1847 spe
536 1767 742 1826 misericordiae
762 1781 818 1826 tuae
839 1789 919 1828 secu-

166 1863 227 1920 rior
239 1879 327 1940 quam
342 1859 509 1917 innocentia
520 1877 589 1930 sua;
604 1879 662 1936 quo
677 1858 789 1933 fructu,
802 1880 919 1937 quaeso,

167 1952 252 2010 etiam
272 1949 441 2009 hominibus
462 1969 562 2007 coram
583 1961 611 2007 te
629 1949 768 2007 confiteor
791 1970 844 2027 per
867 1951 918 2008 has
951 1995 964 2016 a

130 2084 137 2095 .
166 2044 275 2102 litteras
293 2042 389 2100 adhuc
407 2041 473 2119 quis
488 2061 541 2118 ego
559 2041 627 2113 sim,
639 2060 699 2098 non
712 2041 779 2126 qnis
793 2041 918 2102 fuerim?

166 2139 239 2192 Nam
251 2134 334 2191 illum
347 2132 474 2202 fructum
485 2131 548 2190 vidi
566 2144 594 2190 et
613 2133 847 2191 commemoravi.
856 2134 918 2194 Sed

167 2223 233 2300 quis
252 2220 347 2280 adhuc
360 2221 427 2293 sim,
439 2240 509 2334 pcce
528 2221 559 2277 in
578 2221 642 2299 ipso
656 2233 791 2299 tempore·
801 2223 917 2280 confes-

167 2313 281 2398 sionum
300 2331 444 2384 mearum,
464 2323 494 2368 et
513 2311 596 2368 multi
618 2311 674 2369 hoc
693 2331 777 2370 nosse
797 2313 919 2390 cupiunt

167 2405 218 2480 qui
234 2423 281 2461 me
298 2413 443 2460 noverunt
460 2413 488 2458 et
502 2421 561 2458 non
576 2420 622 2459 me
639 2414 793 2472 noverunt,
812 2403 864 2478 qui
881 2423 918 2460 ex
995 2411 1000 2422 “

167 2512 213 2551 me
235 2495 281 2552 vel
308 2492 345 2550 de
370 2511 418 2549 me
442 2490 554 2568 aliquid
579 2488 750 2564 audierunt3
768 2490 820 2549 sed.
840 2494 918 2550 auris

167 2601 268 2640 eorum
282 2601 342 2639 non
354 2592 397 2638 est
409 2579 446 2636 ad
459 2599 509 2637 cor
522 2599 629 2650 meum,
640 2577 691 2637 nbi
706 2598 759 2654 ego
770 2597 834 2635 sum
848 2581 917 2657 qui-

167 2690 292 2748 cumque
308 2683 381 2756 sum.
398 2669 507 2728 Volunt
525 2687 594 2745 ergo
615 2668 717 2725 audire
734 2668 917 2726 confitentem

166 2780 213 2818 me
225 2761 299 2837 quid
313 2762 375 2839 ipse
390 2761 469 2819 intus
484 2759 554 2830 sim,
574 2777 633 2834 qno
654 2776 710 2814 nec¹
728 2756 845 2814 oculum
864 2778 918 2816 nec

101 2893 105 2898 .
168 2868 268 2907 aurem
281 2853 336 2908 nec
354 2862 480 2910 mentem
498 2859 619 2926 possunt
632 2843 802 2916 intendere;
821 2845 917 2906 credi-

167 2939 226 2996 turi
245 2950 340 3001 tamen
359 2937 474 3013 volunt,
491 2937 633 3015 numquid
654 2935 818 3014 cognituri?
839 2937 918 2996 Dicit

166 3019 244 3089 enim
264 3027 305 3085 eis
324 3023 448 3096 charitas
464 3047 526 3106 ²qua
544 3026 615 3087 boni
636 3038 704 3084 sunt
721 3045 779 3083 non
800 3028 918 3090 mentiri

203 3225 211 3249 ¹
222 3216 285 3273 Psal.
300 3233 371 3278 mr,
383 3220 405 3274 l.
