2352 4094
353 423 604 474 CONFESSIONUM
623 424 719 473 LIBER
735 423 782 472 11.
892 428 941 473 367

182 524 362 604 praeteritum
381 523 437 583 est,
452 530 547 584 Pauca
562 537 630 584 sunt
646 525 723 584 enim
740 545 806 605 quae
823 529 943 613 proprie

182 615 342 693 loquimur,
361 616 449 694 plura
467 635 525 675 non
545 617 685 696 proprie,
704 618 756 675 sed
775 619 945 694 agnoscitur

182 707 254 783 quid
272 707 405 793 velimus

434 870 568 933 CAPUT
589 873 679 934 XXI,

340 1065 468 1130 Quomodo
486 1074 582 1134 tompus
601 1066 672 1118 diceet
689 1066 781 1117 metiri,

221 1246 269 1306 27.
287 1245 355 1306 Dixi
366 1266 436 1325 ergo
449 1248 538 1326 paulo
550 1258 629 1322 ante,
642 1247 723 1326 quod
734 1248 941 1329 praetereuntia*

180 1349 313 1417 tempora
330 1337 476 1410 metimur,
488 1351 521 1396 ut
535 1341 682 1417 ¹possimus
700 1339 799 1401 dicere
817 1340 942 1419 duplum

179 1449 242 1494 esse
256 1430 312 1489 hoc
324 1429 462 1508 temporis
476 1429 513 1488 ad
524 1428 598 1495 illud
607 1431 754 1509 simplum,
766 1444 817 1490 aut
828 1432 941 1492 tantum

180 1519 236 1578 hoc
248 1531 390 1598 quantum
401 1519 488 1590 illud,
502 1531 530 1578 et
541 1508 566 1577 si
577 1518 650 1597 quid
665 1521 746 1580 aliud
759 1520 794 1580 de
807 1521 943 1600 partibus

179 1623 345 1690 temporum
357 1629 511 1691 possumus
520 1610 686 1668 renuntiare
698 1611 854 1670 metiendo.
864 1617 941 1687 Quo·

180 1700 272 1774 circa,
286 1715 319 1760 ut
332 1700 479 1773 dicebam,
493 1699 698 1778 praetereuntia
709 1700 846 1760 metimur
863 1715 940 1760 tem·

178 1811 260 1869 pora.
273 1796 310 1851 Et
324 1792 349 1851 si
360 1791 426 1870 quis
438 1791 511 1849 mihi
525 1790 618 1864 dicat,
630 1790 716 1850 Unde
732 1791 808 1850 scis?
819 1780 942 1870 res‘pouss

179 1881 278 1956 deam,
293 1883 357 1944 Scio
372 1884 441 1962 quia
454 1884 601 1956 metimur,
614 1902 669 1941 nec
687 1882 784 1941 metiri
798 1903 864 1961 quae
881 1903 941 1942 non

177 1987 246 2032 sunt
262 1962 429 2052 possumus,
450 1986 479 2032 et
496 1993 556 2032 non
577 1985 643 2032 sunt
662 1973 808 2052 praeterita
825 1975 872 2034 vel
894 1975 942 2033 fu-

180 2077 252 2122 tura.
266 2070 394 2124 Praesens
409 2085 480 2124 vero
493 2078 607 2144 tempus
625 2065 775 2144 quomodo
794 2066 940 2138 metimur,

179 2154 297 2232 quando
309 2175 369 2214 non
387 2154 477 2213 habet
495 2155 639 2233 spatium?
652 2156 771 2214 Metitur
786 2176 855 2233 ergo
872 2175 940 2214 cum

178 2246 315 2322 preterit,
324 2265 392 2304 eum
403 2257 502 2304 autem
515 2245 700 2323 praeterierit,
715 2245 939 2319 nonmetitur*;
1016 2266 1020 2272 ’

177 2335 248 2414 quid
263 2336 339 2396 enim
356 2335 501 2408 metiatur,
513 2356 572 2395 non
587 2337 651 2396 erit.
668 2336 724 2396 Sed
740 2337 819 2396 unde
836 2351 941 2416 etqua

178 2442 207 2486 et
217 2449 277 2507 quo
289 2429 431 2508 praeterit,
445 2448 512 2487 cum
526 2429 664 2488 metitur?
674 2429 770 2501 Unde,
782 2429 838 2486 uisi
849 2449 885 2487 ex
895 2430 940 2487 fu-

178 2522 264 2577 turo?
274 2540 343 2596 qua,
354 2519 410 2576 nisi
419 2539 472 2596 per
483 2521 627 2597 praesensi
638 2540 707 2597 quo,
718 2520 773 2576 nisi
783 2520 813 2576 in
823 2531 940 2595 praeter-

177 2609 270 2664 itum?
283 2611 328 2665 Ex
345 2607 396 2664 illo
408 2625 477 2684 ergo
489 2608 569 2684 quod
586 2608 715 2666 nondum
728 2619 784 2676 est,
801 2628 854 2685 per
866 2608 938 2664 illud

178 2697 258 2775 quod
277 2697 371 2777 spatio
385 2709 477 2768 caret,
497 2697 527 2754 in
543 2697 618 2755 illud
635 2696 716 2773 quod
730 2696 792 2772 jam
809 2716 868 2753 non
885 2711 937 2755 est.

177 2787 256 2862 Quid
281 2799 378 2846 autem
401 2786 546 2859 metimur,
566 2787 622 2844 nisi
646 2797 762 2862 tempus
784 2785 814 2842 in
841 2786 938 2862 aliquo

179 2878 290 2954 spatio?
303 2881 405 2956 Neque
416 2877 495 2935 enim
509 2875 633 2936 dicimus
647 2875 765 2954 simpla,
785 2888 814 2933 et
834 2875 939 2954 dupla,

178 2976 208 3022 et
225 2965 323 3044 tripla,
340 2978 369 3024 et
383 2965 521 3043 aequalia,
535 2978 564 3024 et
582 2966 608 3024 si
622 2963 695 3043 quid
717 2963 774 3022 hoc
797 2965 886 3023 modo
908 2967 939 3024 in

99 3133 103 3138 Ι
180 3069 311 3134 tempore
335 3056 473 3129 dicimus,
497 3055 553 3116 uisi
577 3055 671 3134 spatia
698 3068 872 3134 temporum.
905 3060 939 3113 In

178 3166 237 3224 quo
260 3167 329 3226 ergo
348 3147 443 3225 spatio
463 3146 600 3206 metimur
617 3159 731 3225 tempus
752 3145 939 3224 praeteriens?
