2384 4052
327 461 577 512 comusstonunt
594 462 688 510 LIBER
705 462 755 509 L·
860 465 909 512 ³01

158 561 223 632 riae,
239 572 318 618 tanta
329 560 458 619 vitae'vis
471 571 513 618 est
528 560 562 618 in'
571 560 688 619 homine
700 559 816 619 vivente
830 577 912 620 mor-

158 650 267 708 taliter!
293 649 370 723 Quid
393 649 481 726 igitur
501 667 600 725 agam,
624 661 655 707 tu
674 669 745 708 vera
768 669 833 708 mea
854 651 914 708 vita

157 744 238 798 Deus
253 741 351 796 meus?
367 737 507 797 Transibo
524 751 553 796 et
571 739 646 796 hanc
659 739 719 798 vim
738 758 831 797 meam
846 760 913 818 quae

69 853 74 859 ·
158 828 299 887 memoria
315 840 446 901 vocatur,
459 827 589 886 transibo
608 847 671 886 eam
687 839 721 885 ut
740 829 912 906 pertendam

156 919 196 977 ad
211 930 253 993 te,
272 918 357 976 dulce
371 920 478 977 lumen.
493 917 570 992 Quid
582 917 653 976 dicis
666 917 755 976 mihi?
768 923 843 979 Ecce
857 939 911 997 ego

158 1007 314 1066 ascendens
337 1013 391 1085 per
408 1008 535 1066 animum
548 1025 645 1064 meum
660 1007 697 1065 ad
717 1019 745 1066 te
759 1009 810 1084 qui
827 1009 912 1067 desu-

157 1115 211 1173 per
231 1096 302 1154 mihi
317 1116 424 1154 manes.
438 1094 578 1154 Transibo
591 1108 620 1154 et
630 1095 714 1154 istam
728 1097 787 1154 vim
801 1118 911 1170 meam,

156 1206 223 1264 qnae
254 1187 394 1247 memoria
417 1199 553 1257 vocatur,
579 1186 679 1244 volens
711 1199 739 1244 te
773 1188 912 1266 attingere

157 1275 236 1334 unde
255 1277 357 1353 attingi
374 1288 471 1354 potes,
490 1287 519 1334 et
539 1274 681 1332 inhaerere
700 1273 754 1332 tibi
775 1277 852 1336 unde
869 1279 912 1336 iu-

157 1365 268 1424 haerere
283 1365 336 1423 tibi
349 1376 453 1444 potest.
471 1363 587 1423 Habent
605 1363 682 1421 enim
700 1368 867 1433 memoriam
884 1380 912 1427 et

157 1474 265 1532 pecora
284 1467 312 1513 et
336 1475 418 1528 aves3
431 1455 561 1532 alioquin
579 1473 638 1511 non
661 1452 769 1511 cubilia
791 1456 911 1516 nidosve

158 1558 338 1623 repeterent,
352 1566 410 1603 non
429 1546 485 1603 alia
502 1546 594 1604 multa
609 1543 716 1622 quibus
732 1561 913 1617 assuescunt,

157 1654 254 1711 neque
273 1635 352 1692 enim
371 1646 400 1692 et
415 1653 579 1692 assuescere
597 1633 728 1701 vaierent
746 1633 813 1692 ullis
826 1635 914 1694 rebus

157 1723 213 1784 nisi
232 1744 286 1801 per
307 1726 485 1789 memoriam.
499 1723 640 1782 Transibo
661 1744 730 1803 ergo
751 1737 780 1783 et
803 1745 914 1784 memo-

157 1814 245 1886 riam,
258 1826 291 1876 ut
302 1815 438 1892 attingam
452 1835 518 1873 eum
532 1815 584 1891 qui
594 1816 739 1892 separavit
752 1835 798 1874 me
809 1837 826 1874 a
839 1838 914 1894 qua-

159 1901 354 1980 drupedibus,
376 1914 405 1961 et
423 1901 591 1963 volatilibus
617 1904 681 1961 coeli
709 1905 912 1982 sapientiorem

158 2013 205 2050 me
219 1994 295 2054 fecit.
313 1993 453 2060 Transibo
467 2006 496 2057 et
510 1991 696 2068 memoriam3
713 2006 741 2053 et
756 1995 806 2054 ubi
822 2009 849 2054 te
867 1998 914 2054 in-

158 2084 288 2155 veniam,
305 2104 375 2142 vere
393 2083 470 2152 bona
486 2094 515 2141 et
533 2103 635 2144 secura
652 2084 797 2144 suavitas?
816 2099 845 2143 et
862 2085 914 2143 ubi

159 2184 187 2229 te
212 2174 379 2232 inveniam?
398 2174 429 2234 si
448 2185 554 2251 praeter
576 2174 747 2232 memoriam
770 2194 863 2232 meam
888 2188 915 2232 te

158 2262 289 2336 invenio,
305 2265 458 2323 immemor
476 2263 518 2322 tui
536 2283 609 2321 sum.
632 2267 667 2320 Et
687 2265 835 2341 quomodo
852 2264 913 2342 jam

158 2353 301 2412 inveniam
316 2367 358 2426 te,
372 2355 396 2412 si
409 2373 521 2413 memor
532 2373 591 2410 nou
606 2371 670 2410 sum
685 2354 748 2411 tui?

396 2530 528 2591 CAPUT
549 2531 671 2595 XVIII.

187 2697 244 2743 Non
256 2693 406 2743 inveniretur
423 2709 452 2742 ea
469 2709 508 2743 res
526 2708 579 2758 quae
595 2693 694 2754 excidit,
709 2694 755 2744 nisi
774 2697 886 2746 memoria

464 2783 595 2824 teneretur.

201 2917 248 2975 27.
274 2921 443 2979 Perdiderat
464 2924 539 2981 enim
562 2923 666 2982 mulier
683 2923 863 2998 drachmam,
883 2942 911 2985 et

160 3008 293 3086 quaesivit
318 3029 380 3066 eam
402 3029 467 3068 cum
492 3013 610 3070 lucerna
631 3023 657 3084 ¹,
676 3028 704 3072 et
725 3017 777 3073 nisi
802 3037 912 3075 memor

197 3185 206 3212 ¹
219 3181 277 3228 Luc.
289 3193 328 3237 rr,
341 3183 365 3227 8.
