2316 4020
227 567 230 576 “
269 559 317 606 172
437 557 477 604 κδ.
496 551 677 604 ΑΠῦῐΙδΤΙΝΙ
695 553 836 603 EPISCOPI

287 725 305 740 Ἄ
308 721 705 742 ἈΜᾺἏΜΜἊΜἋΜἏΜἏΜΜΑΛἊ·
709 722 934 748 ἱἊἏΜΜΜᾉΑΛΜἊ
937 725 1023 744 mmm

386 848 873 997 'Linou-summus
960 865 962 870 ’
1011 861 1014 866 ’

292 1069 436 1122 Exordium
458 1085 513 1122 suae
524 1069 697 1133 iuventutis,
714 1069 741 1118 id
761 1077 802 1120 est
818 1083 919 1120 annum
934 1074 1022 1124 aetatio

261 1143 429 1207 trigesimum
440 1143 570 1205 primum,
582 1143 617 1192 ob
628 1141 724 1192 mentis
736 1143 828 1192 oeulos
837 1143 949 1193 reducit.
959 1147 1022 1195 Nar·

261 1215 304 1264 r'at
315 1227 342 1264 se
354 1214 398 1263 illa
414 1221 491 1264 aetate
502 1213 669 1264 densioribus
679 1213 767 1262 adhuc
779 1213 938 1277 ignorantie
950 1221 1021 1266 tene-

260 1286 317 1337 bris
328 1287 488 1349 involutum,
500 1293 581 1348 atque
592 1291 726 1335 errantem
737 1284 808 1334 circa
823 1285 870 1334 Dei
885 1291 1019 1351 naturam,

260 1370 366 1408 necnon
375 1357 445 1410 circa
455 1357 585 1422 originem
595 1354 708 1418 mali-in
720 1354 982 1420 cuiusinquisitione
993 1371 1021 1408 se

260 1429 358 1480 mirum
374 1429 402 1478 in
417 1429 526 1480 modum
542 1429 672 1494 angebat,
693 1422 841 1490 pervenisse
859 1429 966 1478 tandem
986 1427 1019 1478 ad

261 1499 439 1566 cognitionem
449 1501 501 1551 'Dei
517 1500 661 1560 sinceram
674 1497 794 1562 quamvis
810 1500 927 1551 nondum
939 1501 1019 1564 digne

260 1571 293 1620 de
304 1572 415 1622 Domino
426 1571 531 1624 Christo
542 1569 663 1622 sentiret.
868 1573 872 1576 ’

538 1738 539 1742 ’
563 1745 729 1770 -0000-

410 1887 411 1890 ‘
464 1842 604 1948 creor
625 1885 811 1947 nuruum.

261 2005 341 2096 Iieum
363 2045 450 2109 cogitat
467 2052 583 2109 tanquam
600 2042 691 2107 aliquid
705 2057 846 2109 corporeum
863 2058 908 2108 per
923 2042 1018 2093 infinita

535 2119 612 2186 spatia
623 2119 744 2170 diffusum,

274 2330 276 2336 y
305 2266 329 2320 l.
350 2269 414 2321 Jam
435 2275 550 2320 mortua
571 2274 633 2320 erat
654 2261 847 2320 adolescentia
866 2283 931 2322 mea
944 2267 1018 2323 mala
1072 2309 1074 2314 .

262 2366 291 2412 et
314 2351 451 2428 nefanda,
478 2365 507 2410 et
530 2351 611 2429 ibam
635 2352 666 2409 in
686 2351 883 2429 juventutem,
910 2369 1018 2432 quanto

261 2454 345 2502 aetate
359 2442 462 2520 major,
479 2456 560 2502 tauto
573 2445 701 2502 vanitate
721 2446 843 2523 turpior.
863 2447 921 2520 Qui
936 2448 1017 2526 cogi-

261 2549 322 2593 tare
338 2533 450 2611 aliquid
463 2533 629 2592 substantiae
649 2535 703 2592 nisi
721 2537 780 2593 tale
798 2555 856 2594 non
870 2537 1017 2614 poteram,

254 2617 346 2704 'quale
360 2637 414 2706 per
427 2627 481 2685 hos
496 2628 596 2684 oculos
613 2623 704 2684 videri
719 2627 808 2698 solet;
817 2647 884 2685 non
899 2641 926 2686 te
938 2629 1018 2706 cogi-

260 2717 359 2777 tabam
370 2716 393 2792 *‚
408 2723 501 2790 Deus,
514 2718 544 2777 in
564 2718 657 2796 figura
672 2718 802 2795 corporis
822 2719 941 2777 humani
958 2741 965 2776 :
980 2739 1017 2778 ex

260 2828 320 2884 quo
338 2808 439 2866 audire
459 2806 569 2884 aliquid
589 2806 625 2864 de
643 2806 785 2884 sapientia
800 2809 888 2886 coepi,
904 2807 1018 2885 semper

260 2897 319 2954 hoc
330 2898 405 2976 fugi;
418 2911 448 2956 et
461 2897 623 2976 gaudebam
635 2915 681 2956 me
695 2897 753 2956 hoc
764 2900 906 2976 reperisse
920 2900 951 2957 in
961 2899 1018 2956 fide

260 2986 417 3063 spiritualis
442 2987 542 3044 matris
566 2997 672 3044 nostrae
694 2985 848 3045 Catholicae
874 3001 939 3046 tuae.
962 2985 1019 3047 Sed

261 3075 333 3153 quid
347 3087 375 3133 te
390 3074 469 3132 aliud
484 3075 642 3154 cogitarem
656 3094 714 3133 nou
725 3065 913 3158 occurrebat)
925 3089 954 3135 et
967 3095 1019 3156 eo-

235 3175 238 3181 “
261 3167 353 3226 nabar
365 3168 491 3246 cogitare
503 3179 530 3224 te
541 3167 640 3237 homo,
650 3178 679 3225 et
689 3167 862 3245 talis'homo‚
872 3187 1017 3228 sumtuum

262 3269 291 3315 et
301 3259 394 3316 solum
404 3269 433 3315 et
441 3274 544 3315 verum
553 3261 646 3345 Deum
658 3279 666 3314 ε
677 3270 706 3315 et
714 3271 742 3316 te
753 3258 1016 3338 incorruptibilem,
