2352 4094
332 389 581 440 courrssrouuu
598 376 692 442 imm
710 392 780 440 xm.
886 391 936 442 aar

228 755 373 832 urna
398 751 621 835 orciuos
646 756 880 836 ruamus.
914 735 922 744 ’

207 948 255 1000 nel
275 948 423 1008 bonitatem
441 949 471 1001 in
491 963 582 1002 rerum
601 949 778 1013 productione
798 963 830 999 ac
851 952 938 1019 perte-

177 1021 564 1084 ctioperelucere3tumetiam
572 1027 656 1074 Deum
664 1019 939 1086 trinitatem,ipsius·

166 1107 229 1156 ·que
246 1091 435 1158 proprietatem
455 1093 569 1160 Spiritus
586 1093 677 1160 ,sancti
699 1091 792 1159 primis
811 1093 939 1142 Geneseos

177 1164 264 1214 verbis
285 1163 416 1215 insinuari
436 1165 562 1216 ostendit.
582 1166 758 1217 Postmodum.
773 1163 836 1215 vero
853 1169 938 1214 totam

175 1234 277 1286 conditi
293 1235 388 1286 mundi
403 1235 544 1287 historiam
561 1237 703 1304 allegorica
717 1234 938 1301 interpretatione

176 1308 305 1360 umstert
322 1307 404 1358 ad-ea
422 1322 482 1372 quse
499 1308 735 1362 neusin-Ecclesia
754 1309 787 1360 ad
798 1307 937 1358 hominum

175 1377 343 1429 sanctitatem
355 1385 381 1430 ot
393 1379 505 1444 gloriam
522 1385 657 1444 operatur.
911 1371 916 1382 '

383 1697 519 1761 error
539 1653 724 1760 rarorum.

169 1864 273 1916 invocat
289 1867 381 1940 Deum,
395 1864 464 1930 cujus
479 1861 590 1914 bonitate
611 1835 645 1913 sc!
653 1867 805 1928 preventum
818 1842 933 1926 opposcit.

220 2023 246 2079 l.
260 2025 369 2080 Invoco
385 2034 428 2094 te,
439 2026 519 2080 Deus
535 2041 634 2094 meus,
647 2018 848 2080 misericordia
858 2038 939 2094 mea,
996 2045 1000 2052 ·

176 2113 229 2191 qui
248 2113 343 2174 fecisti
360 2132 421 2184 me,
440 2125 471 2178 et
487 2110 613 2170 oblitum
632 2112 675 2170 tui
692 2110 802 2171 oblitus
816 2130 878 2170 non
897 2132 936 2170 ea.

175 2205 287 2288 Invoco
308 2216 337 2268 te
359 2201 535 2270 inanimam
551 2222 663 2273 meam,
680 2220 769 2286 quarn
791 2221 939 2281 praeparas

175 2294 213 2354 ad
225 2294 399 2374 capiendum
413 2306 440 2353 te
454 2314 491 2354 ex
503 2293 649 2354 desiderio
661 2293 741 2374 quod
753 2293 878 2372 inspiras
892 2294 918 2353 ei
930 2315 937 2351 ε

174 2406 253 2446 nunc
266 2385 449 2446 invocantem
464 2398 492 2444 te
506 2406 542 2444 ne
557 2386 688 2460 deseras,
703 2384 755 2465 qui
766 2385 938 2468 priusquam

172 2475 343 2534 invocarem
361 2475 528 2553 praevenisti
548 2488 577 2534 et
601 2476 730 2534 institisti
753 2475 939 2534 crebrescens

177 2562 356 2622 multimodis
373 2561 513 2635 vocibus,
529 2575 562 2620 ut
581 2562 715 2622 audirem
729 2563 767 2619 de
780 2561 939 2642 longinquo

175 2665 207 2712 et
225 2665 428 2724 converterer,
439 2663 469 2712 et
486 2665 640 2710 vocantem
659 2663 706 2710 me
719 2651 887 2726 invocarem
899 2664 937 2710 te.

174 2744 220 2802 Tu
240 2742 318 2802 enim
328 2787 337 2816 ‚
355 2731 499 2812 Domine,
515 2740 647 2798 delevisti
665 2740 764 2800 omnia
784 2740 860 2798 male
876 2759 939 2798 me-

173 2834 235 2896 rita
248 2855 314 2894 mea
322 2878 331 2907 ‚
346 2853 383 2892 ne
395 2831 574 2892 retribueres
588 2831 723 2892 manibus
743 2831 815 2892 meis
832 2830 862 2890 in
877 2833 939 2910 qui-

176 2922 233 2984 bus
247 2945 265 2984 a
278 2936 306 2985 te
321 2923 416 2984 defeci
423 2946 432 2997 ;
445 2936 474 2983 et
487 2923 655 3004 praeyenisti
671 2922 769 2982 omnia
786 2919 864 2980 bona
877 2941 938 2980 me-

176 3015 233 3076 rita
254 3035 331 3092 mea,
351 3026 385 3075 ut
406 3013 584 3074 retribueres
603 3013 737 3074 manibus
757 3011 815 3073 tuis
830 3011 938 3091 quibus

175 3126 222 3176 me
239 3107 332 3168 iecisti
353 3129 360 3165 ε
377 3107 446 3186 quia
460 3121 489 3167 et
504 3099 675 3190 priusquam
689 3117 842 3187 essemptu
860 3124 938 3176 eras3
