2326 4020
293 491 549 544 CONFESSIONUM
566 493 662 543 LIBER
680 495 724 542 ΠΙ.
858 500 887 545 61

132 595 336 655 misericordia
354 595 384 652 in
407 593 497 651 rebus
516 593 591 652 fictis
615 597 645 652 et
670 595 808 656 scenicis?
828 605 892 658 Non

131 687 207 744 enim
233 685 272 744 ad
296 681 530 742 subveniendum
559 697 736 762 provocatur
758 687 891 762 auditor;

131 775 184 834 sed
193 788 313 834 tantum
327 774 368 832 ad
377 773 537 833 dolendum
548 773 693 832 ¹invitatur
707 796 714 830 ε
729 787 759 833 et
776 781 892 838 actori*

132 863 236 923 earum
252 865 413 943 imaginum
430 865 554 942 amplius
568 864 663 935 favet,
680 885 748 924 enm
767 871 890 948 amplius

135 955 225 1013 dolet.
247 956 323 1012 Etsi
340 955 518 1012 calamitates
534 954 590 1011 illae
605 954 755 1016 hominum
772 961 819 1016 uel
835 981 888 1019 an—

134 1047 221 1122 tiquae
234 1046 281 1102 vel
296 1045 433 1103 falsae‘sic
447 1057 582 1122 agantur,
599 1057 632 1102 ut
643 1046 693 1122 qni
707 1061 818 1124 spectat
831 1071 889 1111 non

132 1134 246 1206 doleat;
271 1131 402 1193 abscedit
421 1134 491 1192 inde
511 1133 658 1192 fastidiens
678 1147 708 1192 et
729 1139 889 1214 repreben-

131 1227 202 1287 dens
215 1250 222 1285 :
236 1230 262 1286 si
276 1237 373 1284 autem
386 1223 500 1294 doleat,
514 1237 612 1282 manet
625 1224 766 1297 intentus,
782 1241 811 1285 et
820 1249 889 1306 gau-

29 1343 31 1354 .
131 1314 201 1376 dens
216 1319 404 1393 lacrymatur.

169 1407 197 1464 3.
221 1411 300 1486 Ergo
322 1401 458 1463 amantur
477 1417 507 1462 et
524 1404 679 1463 dolores*?
695 1409 786 1466 Certe.
795 1413 887 1469 omnis

130 1497 218 1554 homo
230 1495 360 1572 gaudere
372 1493 443 1550 vult.
456 1497 501 1550 An
513 1495 578 1550 c'um
593 1493 734 1552 miserum·
742 1498 887 1557 neminem

129 1605 190 1645 esse
213 1583 324 1657 libeat,
350 1583 423 1642 libet
447 1575 541 1642 tamen
564 1603 625 1642 esse
651 1585 886 1660 misericordem

129 1678 210 1755 quod
224 1677 294 1754 quia
309 1695 368 1733 non
385 1676 447 1734 sine
461 1674 568 1733 dolore
575 1687 635 1744 est,
655 1674 710 1732 hac
727 1697 785 1733 una
800 1697 887 1736 eausa

127 1780 263 1826 amantur
274 1765 411 1824 dolores?
431 1769 466 1822 Et
478 1764 534 1821 hoc
543 1764 586 1820 'de
600 1761 650 1820 illa
666 1781 738 1820 vena
754 1765 887 1824 amicitiae

128 1870 178 1915 est.
198 1857 257 1916 Sed
269 1875 330 1934 quc
342 1854 443 1913 vadit?
457 1874 516 1932 quo
528 1853 613 1910 fluit?
628 1851 742 1928 thuid
759 1852 888 1914 decurrit

127 1947 156 2002 in
176 1957 337 2004 torrentem
356 1943 428 2021 picis
443 1941 593 2000 bullientis
615 1941 729 1999 aestus*
748 1941 887 2002 immanes

128 2049 269 2103 tetrarum
290 2033 460 2106 libidinum,
483 2033 513 2089 in
532 2051 604 2109 quos
624 2031 687 2109 ipsa
707 2043 836 2090 mutatur
858 2047 887 2092 et

127 2117 251 2182 vertitur
271 2142 327 2201 per
340 2125 448 2180 nutum'
457 2119 610 2199 proprium
625 2119 662 2178 de
676 2121 783 2178 coelesti
804 2131 886 2180 sere'-

127 2214 216 2272 nitate
233 2213 350 2271 detorta
365 2214 451 2288 atq'ue
469 2209 601 2286 dejecta?
617 2209 800 2295 Repudietur
816 2231 884 2290 ergo

127 2301 347 2362 misericordia?
369 2305 568 2378 Nequaquam.
588 2304 664 2378 Ergo
680 2315 813 2360 amentur
827 2304 883 2361 do-

126 2395 203 2452 lores
214 2392 383 2471 aliquando.
400 2391 456 2450 Sed
468 2393 540 2450 cave
550 2391 774 2464 immunditiam,
788 2395 883 2455 anima

127 2503 208 2556 mea,
228 2483 284 2554 sub
303 2483 402 2541 tutore
414 2486 490 2557 Deo
504 2487 584 2551 meo,
607 2485 671 2539 Deo
682 2491 809 2559 'patrum
828 2503 884 2544 no-

126 2573 268 2646 strorum,
280 2587 310 2631 et
322 2569 464 2630 laudabili
475 2583 504 2629 et
515 2572 731 2649 superexaltato
744 2572 774 2630 in
786 2575 883 2634 omnia

126 2667 233 2725 saecula
242 2675 268 2736 ¹3
278 2673 350 2723 cave
364 2661 586 2722 immunditiam.
601 2666 702 2738 Neque
715 2663 791 2720 enim
805 2685 882 2725 nunc

126 2775 184 2812 non
200 2755 357 2824 rnisereor;
381 2754 431 2812 sed
447 2765 516 2811 tunc
533 2752 564 2809 in
579 2750 699 2810 theatris
714 2753 882 2830 congaude-

126 2842 194 2902 bam
207 2843 385 2917 amantibus‚
399 2863 465 2902 cum
476 2862 541 2901 sese
555 2839 729 2899 fruebantur
738 2860 792 2919 per
802 2843 882 2924 lla'gi-
974 2858 978 2865 ·

127 2933 182 3005 tia,
197 2934 332 3011 quamvis
343 2934 404 2992 haec
415 2932 584 3010 imaginarie
597 2936 730 3008 gererent
741 2933 754 2957 *
770 2931 800 2990 in
811 2933 881 3006 ludo

127 3025 293 3102 spectaculi
313 3027 386 3082 Cum
400 3025 496 3082 autem
513 3041 575 3081 sese
594 3019 767 3095 'amittebant
772 3065 782 3096 ,
799 3025 880 3100 quasi

163 3218 172 3242 ¹
183 3213 247 3260 Dan.
258 3225 302 3267 ur,
313 3213 355 3258 52.
