2354 4034
488 445 602 496 INDEX.
871 449 918 493 ost

874 521 922 571 Peg.

164 589 387 644 vastationum
405 585 512 646 secedits
530 584 589 650 quid
608 583 643 633 ibi
660 583 745 650 egerit.
871 587 920 633 227
960 609 963 614 -
1035 659 1039 670 .

161 672 213 724 IX.
229 672 300 724 Unde
311 671 338 720 fit
347 679 375 721 ut
386 669 481 724 unimus
494 667 595 733 imperet
608 664 703 724 sibiset
716 662 851 742 resistetup.
872 669 922 714 229

166 757 201 803 ll.
215 753 337 804 Adversus
352 749 499 802 Munichaeos
513 748 599 813 quiex
616 746 708 811 duobus
726 744 852 794 contrariis

203 832 366 898 rpluntstibus
375 832 434 881 duos
443 829 574 884 conuertas
590 839 686 880 naturus
699 824 845 880 sueverunt.
873 831 923 876 230

169 920 214 966 Xl.
231 920 306 965 Lucta
324 913 422 980 spiritus
440 921 466 961 et
481 911 564 962 ¹cumis
581 911 607 960 in
620 907 764 974 Augustino.
873 911 923 956 234

170 1000 227 1046 ΧΠ.
244 995 316 1046 Vocis
329 994 454 1046 admonitu
470 991 590 1058 quomodo
603 1000 666 1041 tutus
679 1000 816 1040 consessus.
873 991 922 1036 236

413 1141 524 1196 Lisso
544 1116 697 1197 nouus‘

169 1275 228 1322 Cin.
249 1278 268 1322 l.
290 1270 382 1322 Laudat
397 1269 445 1320 Dei
464 1257 605 1332 bonitatem,
631 1284 763 1338 agnoscens
782 1282 852 1318 suam

205 1352 333 1404 miseriam.
873 1351 925 1400 240

170 1437 202 1482 II.
214 1438 332 1484 Deserere
344 1431 475 1482 rhetorices
490 1431 666 1498 professionem
682 1429 763 1480 diflert
777 1445 853 1492 usque

206 1514 236 1564 ad
250 1513 404 1563 vindemiales
422 1511 500 1568 lenius.
752 1503 753 1508 ’
872 1513 919 1559 241

168 1598 214 1647 ΙΙΙ.
231 1592 392 1643 Verecundus
408 1591 520 1641 concedit
535 1591 570 1640 illi
587 1607 627 1642 rus
646 1607 724 1640 suum.
869 1579 924 1639 '244

170 1679 215 1724 IV.
226 1673 293 1724 Libri
303 1673 368 1740 apud
375 1672 535 1724 Casslciucutn
544 1671 634 1738 scripti.
644 1671 755 1738 Epistolae
766 1669 795 1720 od
805 1669 854 1723 Ne·

206 1753 320 1806 bridium.
329 1752 424 1817 Quibus
435 1752 526 1802 coelitus
533 1751 644 1818 perfusus
655 1753 743 1818 gratiis,
752 1761 853 1821 etquam

205 1834 286 1884 vivido
296 1833 392 1899 pietatis
400 1848 479 1893 sensu,
491 1833 548 1882 dum
558 1833 661 1889 Psalmos
670 1833 767 1886 evolvit.
781 1838 855 1884 Aner-

207 1915 268 1964 rimo
284 1912 366 1962 dolore
378 1912 486 1962 dentium
500 1913 580 1965 subito
592 1914 718 1964 liberatur.
874 1919 924 1964 246

172 1997 204 2042 V.
222 1993 376 2043 Ambrosium
390 1994 494 2043 consulit
504 1993 563 2060 quid
578 1995 713 2061 legendum.
873 2000 924 2046 252

173 2080 216 2126 VL
231 2074 364 2125 Mediolani
375 2075 509 2140 baptizatur
518 2091 573 2124 cum
584 2076 672 2144 Alypio
683 2085 709 2126 et
719 2067 853 2134 Adeoduto.
874 2079 924 2126 253

173 2154 397 2206 VILEcclesinstici
405 2149 856 2216 cantusinstitutioMediolsniJnven·

208 2237 243 2286 tio
256 2253 382 2304 corporum
402 2241 443 2288 SS.
459 2237 559 2292 Protusii
571 2246 597 2306 ,et
612 2225 735 2292 Gerr-asti.
788 2224 791 2232 ¹
874 2241 925 2288 254

175 2319 241 2368 vm.
261 2317 346 2366 Evodii
364 2318 495 2370 conversio.
515 2307 602 2376 Matris
615 2309 713 2384 olritus,
725 2320 824 2388 ejusque
841 2335 855 2370 a

208 2399 299 2449 teneris
312 2391 434 2460 educatio..
472 2454 475 2466 Ι
495 2449 511 2457 ΔΑ
526 2399 532 2456 J
550 2391 561 2460 J
624 2391 627 2398 “
875 2405 924 2451 256

174 2483 219 2530 nt.
236 2481 378 2532 Laudabiles
394 2481 476 2532 matris
498 2498 546 2531 suae
565 2499 644 2532 mores
658 2482 821 2548 prosequitur,
876 2485 926 2530 259

175 2565 209 2612 X.
224 2561 375 2626 eottoqnum
387 2577 442 2611 cum
454 2569 529 2610 matre
547 2561 577 2611 de
593 2579 668 2639 regno
680 2564 802 2620 coelorum.
875 2565 925 2610 263

174 2645 220 2690 XI.
243 2646 280 2691 De
302 2642 386 2691 ecstasi
408 2650 432 2690 et
454 2648 530 2690 morte
547 2643 637 2700 matris.
878 2647 927 2698 266

175 2725 234 2772 XII.
248 2721 376 2784 Quomodo
392 2719 480 2771 luxerit
490 2731 592 2771 mortem
607 2711 697 2774 matris.
713 2723 858 2782 Sacrificium

211 2819 255 2868 pro
266 2802 394 2854 defunctis.
877 2810 927 2856 266

177 2883 249 2932 xttt.
264 2879 323 2933 Orat
336 2901 381 2950 pro
394 2892 469 2934 motre
483 2882 604 2939 defuncto.
879 2891 929 2944 272

402 3029 515 3085 LIBER
535 3031 709 3090 DECIMUS.

179 3157 238 3206 Cur.
260 3160 279 3206 1.
298 3161 327 3206 In
344 3163 397 3210 Deo
416 3163 466 3213 solo
484 3179 538 3230 spes
553 3172 577 3214 et
597 3163 719 3230 gaudium.
877 3149 931 3214 276
