2326 4020
318 439 572 494 conressmnun
588 441 683 492 nmen
701 443 721 491 1.
868 447 896 496 17

140 561 211 606 usse
222 541 330 603 irrides
340 563 403 616 me;
412 541 464 601 sed
473 561 628 601 conversus
637 538 822 602 misereberis
830 545 898 605 mei.

138 636 215 713 Quid
229 635 307 695 enim
322 646 367 693 est
379 632 460 712 quod
471 634 540 693 voio
553 633 665 714 dicere,
679 633 806 692 Domine
818 637 899 695 Dens

139 737 237 800 meus,
249 723 305 784 nisi
324 724 393 802 qnia
412 721 604 782 nescio'unde
625 723 755 781 venerim
770 718 904 784 bneiin

139 817 224 876 istam
238 815 308 873 dico
319 813 411 872 ritem
425 810 611 892 monnicam,
628 832 665 870 an
680 825 804 896 mortem
819 814 898 878 rito-

141 907 215 978 lem,
228 902 333 962 nescio.
357 905 396 960 Et
409 889 599 980 suscepeiunt
619 921 666 962 me
687 903 901 965 consolationes

143 987 358 1054 miserationum
381 1003 511 1065 tuarum,
523 991 601 1050 sicut
614 991 714 1051 andivi
733 1013 750 1052 a
767 997 898 1072 parenti-

142 1085 196 1145 bus
209 1085 305 1166 carnis
319 1101 406 1156 meae,
421 1103 458 1141 ex
474 1085 551 1162 quo*
564 1083 632 1142 etin
641 1103 701 1162 qua
710 1084 840 1144 formasti
851 1107 897 1146 me

140 1177 170 1235 iu
185 1187 338 1255 tempore·;·
346 1192 406 1231 non
419 1172 496 1232 euim
506 1192 560 1250 ego
572 1173 699 1234 memini.
713 1177 898 1254 Exceperuut

140 1285 210 1344 ergo
224 1283 273 1324 me
285 1261 500 1346 consolationes
508 1252 764 1339 betishumauiab'
765 1283 798 1323 ec
805 1277 898 1326 mater

136 1375 219 1429 mea,
229 1356 283 1413 vel'
300 1354 429 1413 nutrices
448 1372 520 1412 meae
537 1351 592 1412 sibi
612 1353 705 1412 ubera
718 1353 896 1432 implebant:

140 1428 191 1504 sed
205 1456 237 1503 tu
248 1441 322 1502 mihi
334 1461 446 1524 pereas
463 1441 553 1502 dubus
567 1443 736 1503 alimentum
751 1445 897 1520 infantiae,

139 1535 300 1595 secundum
314 1535 525 1594 institutionem
537 1547 617 1593 tuam
631 1545 662 1594 et
674 1534 791 1594 diritius
804 1557 897 1617 usque

139 1625 177 1684 ad
196 1625 321 1709 firndiun
348 1645 446 1684 rerum
468 1624 629 1704 dispositas.
653 1617 702 1684 Tu
718 1626 805 1686 etiam
825 1617 897 1688 mibi

140 1713 326 1773 dabosnolle
344 1715 467 1792 amplius
482 1733 570 1794 quam
584 1713 694 1785 dnbas3
716 1728 746 1772 et
762 1717 898 1775 nutrien-

139 1803 225 1864 tibus·
232 1824 279 1864 me
292 1804 362 1871 dere
375 1805 446 1864 mibi
460 1805 535 1865 velie
549 1804 630 1882 qnod
645 1803 688 1861 eis
704 1803 803 1863 dabas
819 1810 897 1867 Dare

139 1893 220 1953 euim
239 1895 310 1954 mihi
329 1915 384 1976 per
405 1896 571 1955 ordinatum
596 1895 734 1954 affectum
761 1894 898 1957 volebant

140 2004 260 2064 quom
280 1999 316 2045 te·
330 1986 528 2047 abundabant.
551 1989 626 2046 Nam
647 1984 759 2058 bonnm
774 1999 838 2046 erat
856 1987 896 2048 eis

139 2074 252 2135 bornum
263 2097 361 2136 meum
374 2097 411 2137 cx
419 2077 481 2152 'eise
492 2077 573 2156 quod
583 2097 642 2139 uon
654 2095 691 2136 ex
702 2076 770 2152 εἰς’,
782 2078 833 2137 sed
842 2097 896 2160 per

139 2181 279 2227 emerat:
291 2182 368 2229 exte
382 2169 492 2248 quippe
503 2169 582 2229 bona
592 2168 699 2241 omnia,
710 2173 805 2243 Deus3
817 2183 846 2228 et
860 2191 896 2230 ex

139 2259 203 2314 Deo
222 2257 291 2315 me'o
310 2258 387 2316 salus
404 2257 475 2315 mihi
492 2255 636 2315 universo.
656 2255 743 2331 Quod
764 2256 896 2318 animad-

136 2346 215 2404 verti
233 2345 435 2423 postmodnm,
455 2345 596 2404 clamante
619 2344 741 2404 mmihi
761 2365 815 2424 per
832 2346 896 2407 hue

136 2435 275 2512 ipsusque
284 2434 389 2494 tribuis
401 2435 481 2494 intus
491 2447 521 2494 et
532 2435 613 2514 foris.
624 2437 704 2494 Nam
711 2446 782 2494 tunc
793 2455 896 2516 sugere

136 2540 257 2596 mrem,
280 2537 311 2583 et
334 2525 520 2604 acquiescere
544 2524 799 2600 delectationibus,
821 2527 893 2586 flere

138 2625 239 2674 autem·
255 2614 436 2678 offensiones
450 2613 545 2678 caruis
564 2629 649 2690 meae3
665 2616 740 2676 nibil
761 2616 894 2702 amplius

158 2743 161 2748 ,
176 2703 206 2762 8·
226 2707 297 2764 Post
308 2716 338 2764 et
351 2705 447 2765 ridere
463 2705 554 2786 coepi,
567 2705 714 2766 domnieus
729 2705 896 2784 primo‚dc·

136 2790 205 2852 inde
220 2793 351 2874 vigilem
367 2799 431 2855 Hoc
444 2795 577 2857 euim-de
589 2817 636 2856 me
650 2795 723 2855 mihi
735 2793 896 2858 indicatum

138 2894 184 2942 est
196 2896 225 2943 et
235 2885 363 2961 credidi,
375 2888 514 2966 quoniam
527 2888 569 2948 sic
580 2885 713 2948 videmus
724 2901 753 2948 et
767 2888 897 2950 aliosiu-

138 2973 231 3034 fantes
245 2995 252 3032 ε
266 2995 334 3035 nam
346 2977 400 3039 ista
411 2997 543 3037 meanon
554 2977 680 3038 memini.
695 2983 733 3038 Et
743 2997 811 3039 ecoe
821 2997 897 3058 pau-

139 3061 218 3124 latim
231 3065 394 3126 sentiebam
409 3066 463 3128 ubi
476 3087 582 3142 mmm,
597 3081 627 3127 et
641 3069 806 3129 voluntates
817 3087 896 3129 meas

140 3153 274 3215 volebam
283 3155 438 3232 ostendere
449 3158 490 3219 eis
504 3177 640 3240 perquos
649 3159 853 3290 implerentur,
868 3171 897 3218 et
