2316 4020
101 361 109 376 .
144 344 283 376 ⁴,0'0⁶.¹
324 349 429 368 ιοοσιο

227 486 275 536 102
408 483 432 532 S.
451 481 631 532 AUGUSTINI
649 478 790 530 Eatscort

225 602 324 650 veram
343 582 430 654 facie,
454 583 506 640 sed
523 571 687 658 amaveram
703 580 851 639 hominem
868 571 905 638 eri
923 575 979 638 do-

226 675 324 732 ctrinae
335 673 411 732 fama
423 687 488 750 quae'
497 672 540 731 illi
551 673 628 730 clara
642 685 717 743 erat,
732 684 761 729 et
773 670 906 748 quaedam
916 690 980 728 ver-

226 764 264 823 ba
284 763 347 840 ejus
368 762 534 834 audieram,
563 774 593 821 et
612 749 782 840 placuerant
803 761 895 818 mihil
923 760 981 818 Sed

227 854 317 930 magis
334 853 404 930 quia
426 849 559 930 placebat
578 852 660 923 aliis,
686 865 715 909 et
734 851 896 910 efferebant
913 842 981 910 eum

227 942 383 1014 laudibus,
416 955 564 1020 stupentes
591 943 671 1018 quod
698 942 879 1000 ex'bominc
904 959 983 1017 syro,

229 1035 316 1093 docto
334 1033 415 1111 prius
432 1052 532 1109 graecae
550 1031 707 1102 facundiae,
728 1025 829 1109 postea
847 1033 877 1090 in
895 1033 984 1089 latina

229 1125 316 1183 etiam
340 1122 463 1180 dictor*
489 1121 631 1181 mirabilis
654 1114 825 1191 exstitisset,
856 1134 885 1179 et
909 1132 984 1178 'esset

230 1214 433 1276 scientissimus
450 1233 548 1282 rerum
563 1213 600 1270 ad
616 1212 744 1271 studium
758 1209 904 1289 sapientiae
919 1229 985 1289 pera

232 1305 399 1374 tinentium3
420 1302 492 1361 mihi
508 1301 651 1378 placebat.
672 1300 822 1359 Laudatur
834 1300 936 1370 homo,
956 1311 986 1357 et

232 1407 345 1454 amatur
368 1393 479 1452 absens.
493 1395 676 1450 .Utrumnam
697 1389 735 1448 ab
762 1410 813 1448 ore
841 1389 985 1473 laudantis

232 1489 320 1545 intrat
341 1486 371 1542 in
390 1504 441 1542 cor
459 1483 602 1541 audientis
623 1501 705 1540 amor
721 1481 791 1538 illel
813 1471 897 1539 Absit
912 1501 919 1536 ε
934 1480 986 1538 sed

235 1595 279 1634 ex,
295 1585 406 1630 amante
433 1573 490 1630 alio
516 1570 685 1630 accenditur
706 1569 788 1627 alius.
813 1569 887 1626 Hinc
909 1568 987 1626 enim

226 1675 349 1722 ¹amatur
367 1663 420 1739 ¹qui
441 1662 589 1732 laudatur,
618 1660 686 1718 dum
710 1679 768 1718 nou
788 1659 884 1716 fallaci
898 1657 987 1717 corde

226 1754 392 1816 ¹laudatoris
417 1751 570 1832 praedicari
597 1750 745 1825 creditur3
778 1749 889 1823 idest,
921 1768 988 1808 cum

236 1866 334 1906 amans
348 1867 414 1905 eum
428 1845 536 1905 laudat.

278 1934 324 1992 22.
344 1935 390 1996 Sic
404 1939 479 1992 enim
497 1947 567 1992 tunc
583 1931 717 1991 amabam
735 1931 866 1990 homines
883 1951 921 1989 ex
934 1931 990 1988 hc·

228 2024 347 2084 minum
357 2023 488 2099 judicio;
507 2042 565 2080 non
583 2022 660 2080 enim
673 2041 711 2079 cx
723 2033 792 2092 tuo,
806 2025 886 2078 Deus
899 2039 992 2090 meus,

184 2130 188 2136 ’
229 2117 339 2190 inquo
353 2131 438 2170 nemo
453 2111 571 2169 fallitur.
588 2111 644 2170 Sed
659 2124 769 2184 umen,
783 2131 836 2170 cur
846 2129 905 2169 non
916 2110 992 2168 sicut

238 2201 339 2278 auriga
359 2198 478 2269 nobilis,
507 2200 582 2257 sicut
600 2213 720 2258 venator
741 2199 842 2258 studiis
863 2200 992 2277 popula-

237 2287 320 2348 ribus
334 2287 515 2359 diffamatus3
538 2290 589 2346 sed
608 2288 692 2367 longe
710 2290 794 2347 aliter
812 2301 841 2346 et
857 2289 992 2366 graviter,

239 2393 268 2437 et
289 2378 330 2435 ita
348 2377 593 2453 quemadmodum
619 2391 648 2435 et
668 2391 715 2436 me
736 2377 849 2435 laudari
870 2377 994 2448 uellem?

239 2471 304 2526 Non
316 2468 412 2524 autem
424 2467 530 2525 vellem
547 2465 589 2526 ita
605 2467 717 2526 laudari
731 2480 761 2525 ct
774 2467 867 2524 amari·
880 2486 941 2536 me,
962 2477 994 2524 ut

239 2557 411 2627 histriones3
431 2577 602 2638 quanquam}
616 2578 666 2616 eos
680 2570 710 2615 ct
723 2557 787 2634 ipse
798 2556 947 2614 laudarem
966 2567 996 2613 et

239 2665 366 2705 amarem
384 2667 391 2702 :
408 2645 460 2704 sed
481 2646 589 2723 eligens
609 2647 717 2717 latere,
739 2665 827 2722 quam
846 2646 888 2703 ita
909 2656 996 2703 notus

239 2757 315 2808 esse;
334 2749 363 2796 et
384 2737 429 2794 vel
449 2734 550 2808 haberi
564 2737 648 2808 odio,
661 2756 748 2814 quam
763 2737 804 2795 sic
819 2733 997 2810 amam-Ubi

241 2825 454 2883 distribuuntur
470 2826 524 2883 ista
539 2815 675 2906 ponderav
688 2813 846 2892 variorum
855 2838 884 2884 et
898 2825 998 2884 diver-

242 2921 341 2974 sorum
360 2935 492 2972 amorum
511 2917 542 2974 in
563 2916 660 2975 anima
675 2920 753 2975 una?
769 2917 846 2991 Quid
861 2917 998 2996 estquod

242 3025 308 3064 amo
324 3005 355 3062 in
370 3004 440 3078 alio,
460 3008 540 3082 quod
556 3025 668 3077 rursus5
687 3007 743 3074 nisi
755 3001 894 3080 odissem,
906 3027 999 3066 nona

242 3113 289 3152 me
303 3094 462 3152 detestarer
479 3106 508 3152 et
524 3096 712 3173 repellerem,
735 3117 802 3155 cum
820 3098 858 3156 sit
875 3085 999 3174 uterque

215 3193 373 3258 „nostrum
387 3183 496 3258 homo?
516 3188 580 3243 Non
595 3185 689 3248 enim.
708 3187 784 3244 sicut
798 3205 890 3260 equus
904 3186 999 3244 bonus
