2352 4094
257 509 307 555 ³⁶2
379 547 384 554 .
441 506 467 554 S.
485 502 668 554 AUGUSTINI
686 506 829 558 urlscom

254 605 341 681 Quod
356 616 452 662 tamen
465 602 506 663 ita
521 603 627 679 raptim
644 622 660 661 a
678 603 777 664 futuro
792 607 822 664 in
836 609 1020 684 praeteritum
1066 658 1068 662 .

255 697 432 767 transvolat,
449 707 482 752 ut
504 693 584 752 nulla
604 695 718 753 morula
739 697 923 757 extendatur.
942 703 1018 758 Nam

254 787 279 846 si
296 785 475 858 extenditur,
490 783 632 842 dividitur
645 785 675 843 in
689 789 870 863 praeteritum
888 801 917 847 et
932 790 1018 849 futu-

253 896 320 934 rum
338 897 346 932 τ
367 896 493 955 praesens
514 889 609 936 autem
631 876 744 935 nullum
766 877 856 938 habet
875 882 1015 959 spatium.

253 967 313 1025 Ubi
332 979 375 1025 est
393 986 463 1044 ergo
486 978 599 1044 tempus
619 965 700 1043 quod
722 967 841 1044 longum
861 968 1015 1030 dicamus?

252 1062 298 1116 An
315 1057 475 1116 futurum?
496 1061 562 1114 Non
583 1055 702 1134 quidem
725 1057 862 1131 dicimus,
881 1063 1014 1140 Longum

253 1160 313 1219 est,
334 1148 403 1226 quia
423 1147 553 1206 nondum
576 1158 619 1204 est
639 1145 719 1224 quod
737 1148 855 1226 longum
880 1150 938 1222 sit;
962 1152 1014 1210 sed

252 1237 390 1312 dicimus,
405 1243 537 1315 Longum
560 1237 623 1296 erit.
641 1238 765 1313 Quando
782 1240 871 1317 igitur
889 1241 966 1299 erit?
984 1244 1013 1302 Si

252 1329 377 1386 enimet
397 1342 466 1390 tunc
489 1347 556 1387 cum
580 1328 677 1387 adhuc
700 1329 832 1387 futurum
856 1331 931 1403 erit,
954 1351 1013 1390 non

252 1419 308 1477 erit
332 1419 468 1496 longum3
486 1418 555 1496 quia
573 1417 654 1495 quod
672 1418 709 1476 sit
726 1419 860 1496 longum,
881 1420 1010 1480 nondum

252 1507 307 1564 erit
321 1528 327 1564 :
343 1509 367 1567 si
379 1521 477 1568 autem
487 1520 556 1566 tunc
569 1509 624 1565 erit
634 1507 752 1584 longum
765 1527 831 1566 cum
843 1529 880 1567 ex
894 1509 1010 1581 futuro,

252 1597 331 1676 quod
352 1599 483 1658 nondum
503 1610 562 1670 est,
576 1617 639 1657 esse
655 1596 716 1673 jam
731 1599 866 1676 coperit,
889 1611 917 1658 et
933 1620 1009 1678 prae-

250 1710 316 1749 sens
337 1692 446 1750 sactum
469 1690 539 1760 erit,
554 1687 695 1767 'ut'possit
710 1709 772 1749 esse
790 1690 870 1768 quod
891 1692 1012 1769 longum·

251 1780 302 1851 sit;
316 1780 376 1858 jam
395 1778 596 1862 superioribus
615 1778 738 1838 vocibus
759 1780 865 1839 clamat
883 1801 1012 1861 praesens

250 1883 381 1949 tempus,
401 1872 521 1950 longum
542 1889 573 1928 se
594 1889 656 1929 esse
677 1891 735 1929 non
752 1890 847 1949 posse.

503 2072 639 2133 CAPUT
659 2071 747 2134 XVI.

341 2256 419 2320 Quale
433 2263 528 2322 tempus
545 2253 624 2302 metiri
638 2253 721 2312 lineat,
733 2264 758 2304 et
773 2257 842 2321 quale
858 2271 915 2307 non.

288 2422 335 2480 21.
358 2426 394 2479 Et
408 2432 520 2493 tamen,
536 2421 677 2492 Domine,
695 2423 836 2483 sentimus
853 2426 1005 2486 intervalla

247 2527 432 2591 temporum,
453 2523 483 2570 et
501 2530 704 2590 comparamus
726 2512 857 2588 sibimet,
879 2527 908 2575 et
928 2515 1005 2574 dioi-

246 2623 312 2662 mus
335 2603 391 2661 alia
416 2601 565 2679 longiora,
581 2613 610 2659 et
630 2601 687 2660 alia
704 2600 850 2664 breviora.
869 2605 1008 2664 Metimur

245 2696 332 2753 etiam
347 2697 457 2771 quanto
471 2693 508 2750 sit
519 2691 638 2751 brevius
650 2705 700 2750 aut
713 2694 826 2771 longius
838 2695 911 2753 iliud
927 2709 1004 2754 tem·

244 2804 300 2862 pus
320 2804 408 2862 quam
429 2783 515 2855 iilud3
532 2796 562 2841 et
580 2782 789 2860 respondemus
803 2783 926 2863 duplum
940 2806 1003 2846 esse

243 2873 300 2931 hoc
311 2875 365 2938 vel,
372 2874 506 2952 triplum,
516 2870 590 2930 illud
602 2885 699 2939 autem
712 2873 863 2950 simplum,
879 2887 929 2933 aut
941 2887 1002 2936 tau·

244 2975 305 3020 tum
326 2963 382 3020 hoc
403 2981 465 3021 esse
482 2974 624 3043 quantum
644 2961 726 3020 illud.
742 2962 801 3032 Sed
818 2976 1000 3040 praetereun-

243 3054 283 3112 tia
302 3053 438 3111 metimur
457 3064 589 3130 tempora
604 3072 670 3110 cum
684 3053 834 3112 sentiendo
849 3056 1002 3128 metimur;

241 3143 389 3226 praeterita
408 3161 480 3201 vero
501 3163 566 3221 quae
583 3141 645 3219 jam
663 3163 722 3220 non
741 3157 821 3216 sunt,
836 3156 889 3202 aut
902 3144 1001 3204 futura

240 3253 306 3314 quae
320 3233 450 3293 nondum
462 3245 538 3306 sunt,
547 3234 612 3310 quis
624 3232 719 3292 metiri
732 3236 847 3312 potest?
856 3234 912 3292 nisi
924 3234 1000 3294 forte
