2316 4020
194 385 200 392 -
296 347 661 400 cottfflfflottuttuuaa
679 353 710 398 V.
836 357 881 402 1³7

119 471 188 531 qnae
211 449 390 528 diligebam,
418 467 465 508 res
487 450 575 514 etiam
598 470 670 529 quas
692 449 884 529 negligebam.

24 539 25 548 ’
119 549 224 618 Neque
238 540 318 598 enim
332 558 366 597 ea
385 537 523 598 dirimere
536 552 676 618 poteram.
700 545 736 599 Et
750 541 821 598 dum
835 563 887 602 cor

120 633 269 710 aperirem
290 630 327 688 ad
349 628 582 708 excipiendum*
602 650 690 707 quam
710 630 817 702 diserte
837 633 885 690 di-

120 734 222 792 ceret,
246 721 357 798 pariter
374 719 503 778 intrabat
523 732 553 778 et
571 741 660 798 quam
681 722 886 795 veredicum,

120 811 268 889 gradatim
286 811 413 890 quidem.
437 817 510 871 Nam
527 811 625 889 primo
644 813 731 870 etiam
750 813 813 891 ipsa
830 814 881 873 de—

122 903 204 961 fendi
215 920 303 980 posse
313 901 386 959 milri
396 899 456 978 J'am
470 913 621 979 coeperant
632 903 743 975 videri3
758 917 788 962 et
797 904 884 962 fidem

124 993 317 1064 catholicam,
340 1011 395 1069 pro
409 1011 468 1070 qua
488 992 561 1056 nihil
575 1013 660 1071 posse
674 995 732 1053 diei
748 994 886 1053 adversus

124 1095 329 1162 oppugnantes
342 1082 517 1141 Manichaeos
537 1096 725 1161 putaveram,
742 1085 806 1162 'jam
828 1107 886 1144 non

124 1174 313 1252 impudenter
324 1173 413 1231 asseri
425 1172 640 1248 existimabam3
652 1176 777 1234 maxime
786 1177 886 1236 audito

125 1285 185 1324 nno
204 1277 293 1340 atque
312 1263 422 1334 altero,
443 1276 472 1321 et
494 1265 601 1342 sepius
623 1267 773 1344 aenigmate
792 1267 886 1326 soluto

125 1355 161 1413 de
170 1355 295 1431 Scriptis
304 1349 453 1411 veteribds
468 1374 475 1410 τ
488 1353 558 1425 ubi,
570 1374 637 1412 cnm
652 1355 690 1414 ad
703 1357 831 1414 litteram
841 1377 887 1415 ac-

124 1446 274 1523 ciperem,
290 1441 448 1502 occidebar
455 1443 478 1500 *.
497 1442 699 1520 spiritualiter
713 1445 812 1523 itaque
826 1449 888 1525 plc-

126 1535 224 1610 risque
245 1533 364 1591 illorum
385 1531 529 1590 librorum
551 1533 690 1611 expositis
713 1533 802 1607 locis,
826 1535 887 1613 jam

77 1679 81 1688 ,
126 1621 380 1701 reprehendebam
406 1620 638 1699 desperationem
663 1643 775 1693 meam,
806 1625 887 1684 ¹illam

126 1715 270 1774 duntaxat
289 1733 346 1791 qua
362 1713 543 1774 credideram
556 1718 663 1792 Legem
682 1727 712 1772 et
727 1716 889 1794 Prophetas

125 1805 339 1866 detestantibus
354 1817 440 1882 atque
453 1802 644 1864 irridentibus
660 1804 756 1863 resisti
770 1805 888 1880 omnino

126 1917 186 1956 non
205 1915 302 1974 posse.
323 1900 384 1954 Nec
400 1907 496 1954 tamen
510 1894 571 1973 jam
585 1894 653 1952 ideo
671 1894 744 1952 mihi
762 1895 887 1970 catholi-

126 2009 191 2046 cam
213 1988 292 2046 viam
313 1985 468 2046 tenendam
489 2006 550 2044 esse
570 1983 746 2060 sentiebam,
771 1982 840 2064 quia
861 2000 890 2056 et

125 2079 189 2156 ipsa
204 2090 323 2156 poterat
338 2075 447 2135 habere
463 2076 565 2134 doctos
583 2089 739 2158 assertores
756 2067 889 2156 snosqni
918 2114 927 2150 ¹.
957 2148 959 2152 Ι

127 2168 248 2246 copiose
278 2181 307 2226 et
330 2187 389 2224 non
413 2164 539 2224 absurde
565 2163 681 2244 objecta
705 2159 890 2239 refellerent}

126 2279 181 2317 nec
195 2257 264 2314 ideo
275 2256 336 2333 jam
350 2256 545 2314 damnandum
557 2257 636 2338 'illud
650 2257 730 2336 qnod
744 2257 888 2331 tenebam,
918 2291 920 2297 v

126 2349 198 2424 quia
218 2346 393 2420 defensionis
413 2359 511 2425 partes
527 2346 726 2424 aequabantur.
749 2353 794 2408 lta
812 2347 888 2421 'enim

127 2438 280 2500 Catholica
302 2456 361 2496 non
380 2435 452 2512 mihi
472 2435 548 2494 victa
566 2436 736 2510 videbatur,
761 2449 794 2497 ut
815 2459 889 2496 non-

128 2529 202 2587 dum
219 2527 309 2585 etiam
323 2526 429 2584 victrix
445 2539 619 2604 appareret..

171 2617 220 2674 25.
243 2619 323 2676 Tunc
342 2635 414 2675 vero
433 2616 546 2675 sortiter
563 2616 674 2675 intendi
693 2617 841 2688 animum,
860 2619 890 2678 si

128 2727 190 2786 quo
210 2705 299 2764 modo
315 2723 429 2783 possem
449 2705 535 2763 certis
550 2702 696 2780 aliquibus
710 2703 894 2771 documentis,

129 2796 307 2856 Manichaeos
326 2795 498 2852 convincere
519 2793 657 2853 falsitatis.
681 2792 766 2866 Quod
782 2791 806 2854 si
820 2813 890 2871 pos-

129 2905 191 2944 sem
212 2884 394 2962 spiritualem
418 2882 606 2967 substantiam
626 2883 767 2960 cogitare,
792 2875 889 2944 statim

130 2976 363 3034 machinamenta
382 2967 432 3032 illa
452 2975 549 3033 omnia
565 2975 747 3039 solverentur
764 2987 794 3032 et
812 2975 888 3054 abji-

130 3079 269 3126 cerentur
294 3085 331 3122 ex
354 3065 449 3124 animo
472 3085 536 3124 meo
557 3087 566 3137 3
589 3064 640 3124 sed
661 3086 720 3126 non
742 3078 884 3144 poteram,

748 3173 778 3218 12
