2352 4094
262 393 312 440 tou
447 391 472 439 S.
491 387 674 438 AUGUSTINI
692 387 833 439 EPtscot’t

259 493 352 564 obest,
361 510 427 550 cum
439 491 554 550 diversa
565 489 595 549 i'n
605 489 650 548 his
660 489 759 548 verbis
769 491 890 570 intelligi
900 495 1023 572 possint,

261 603 327 660 quae
337 596 433 642 tamen
443 602 514 642 vera
525 582 593 654 sint,
602 579 682 659 quid,
693 581 823 661 inquam,
835 582 918 656 mihi,
928 583 1024 658 obest,

261 674 285 730 si
298 671 378 731 aliud
388 687 443 752 ego
454 689 580 743 sensam,
590 688 679 748 quam
692 671 782 730 sensit
792 671 866 732 alios
877 693 944 732 eum
958 694 1024 732 sen·

262 764 331 822 sisse
342 763 393 840 qui
407 761 540 841 scripsit?
558 765 666 828 Omnes
681 761 801 844 quidem
817 763 870 840 qui
881 765 1023 841 legimus,

259 855 383 913 nitimur
401 855 458 913 hoc
483 852 623 930 indagare
642 865 732 931 atque
755 855 1023 934 comprehendere,

261 946 342 1022 quod
355 945 450 1006 voluit
460 937 510 1004 ille
523 953 611 1022 quem
625 945 755 1023 legimus.
767 949 880 1005 Etcum
897 965 964 1006 eum
974 965 1024 1005 ve-

262 1037 388 1100 ridicum
407 1035 569 1107 credimus,
583 1034 656 1094 nihil
670 1034 751 1112 quod
767 1036 872 1095 falsum
892 1057 955 1096 esse
974 1039 1023 1096 vel

263 1128 397 1206 novimus
408 1128 455 1187 vel
467 1138 614 1206 putamus,
625 1123 768 1184 audemus
778 1145 846 1185 eum
857 1128 1023 1185 existimare

264 1216 379 1276 dixisse.
396 1217 475 1276 Dum
494 1235 564 1293 ergo
583 1215 708 1292 quisque
724 1221 847 1274 conatur
866 1215 898 1275 id
909 1219 1023 1276 'sentire

264 1308 294 1363 in
308 1305 464 1384 scripturis
476 1303 603 1381 sanctis,
617 1303 698 1380 quod
711 1304 742 1362 io
756 1305 796 1364 eis
808 1306 897 1364 sensit
908 1305 958 1364 ille
971 1306 1026 1384 qui.

263 1396 393 1473 scripsit3
406 1394 478 1474 quid
489 1395 558 1453 mali
575 1405 619 1454 est
632 1393 656 1452 si
670 1393 727 1455 hoc
741 1394 861 1470 sentiat,
876 1395 957 1474 quod
971 1407 1023 1466 tu,

264 1487 316 1543 lux
340 1487 471 1546 omnium
498 1481 695 1546 veridicarum
718 1485 873 1558 mentium,
895 1485 1023 1546 ostendis

265 1595 368 1636 verum
383 1597 460 1651 esse,
473 1575 587 1639 etiamsi
607 1575 664 1632 hoc
683 1593 743 1632 non
757 1575 846 1634 sensit
868 1576 918 1634 ille
935 1593 1022 1652 quem

265 1667 351 1742 leffl't3
365 1689 432 1727 cum
454 1680 483 1725 et
501 1667 550 1724 ille
568 1685 687 1735 verum,
706 1661 870 1726 nontamen
883 1666 940 1724 hoc
954 1683 1025 1738 senff.

265 1756 356 1814 serit?

473 1867 477 1876 ’
519 1864 653 1958 capon
674 1835 761 1960 itm.

513 2067 575 2128 Qum
595 2062 688 2129 liquido
705 2078 767 2112 vera.

249 2285 251 2290 s
306 2233 352 2294 28.
365 2239 472 2294 Verum
483 2244 526 2292 est
538 2234 631 2306 euim,
650 2231 791 2303 Domine,
807 2231 910 2290 secisse
920 2243 950 2288 te
964 2249 1025 2289 ooe·

266 2327 326 2386 lum
342 2337 372 2382 et
388 2336 509 2394 terram3
527 2335 556 2381 et
573 2341 677 2380 verum
700 2333 744 2384 est
763 2320 942 2399 Principium
964 2339 1027 2380 esse

266 2413 440 2490 Sapientiam
463 2426 541 2470 tuam
560 2415 591 2471 in
611 2432 670 2491 qua
683 2412 778 2476 fecisti
795 2413 921 2472 mnnia¹.
950 2415 1026 2470 Item

266 2524 370 2563 verum
387 2517 446 2577 est,
463 2503 544 2582 quod
568 2504 696 2563 mundus
716 2504 770 2563 iste
791 2502 1027 2564 visibilis'habet

267 2617 383 2674 magnas
403 2607 500 2675 partes
523 2615 590 2656 suas
611 2597 715 2656 coelum
735 2608 766 2655 et
792 2609 917 2664 temam,
937 2593 1027 2652 'brevi

267 2687 468 2764 complexione
484 2688 625 2746 factarum
638 2687 768 2753 omnium
783 2685 1028 2761 conditarumque

267 2765 446 2838 naturarum.
461 2783 498 2838 Et
508 2797 611 2837 verum
622 2791 677 2848 est,
687 2776 773 2855 quod
786 2795 873 2836 omne
885 2771 1027 2833 mutabile

267 2867 394 2926 insinuat
406 2867 515 2929 notitiae
521 2879 627 2926 nostrae
635 2865 792 2945 quamdam
803 2863 1026 2933 informitatem,

267 2977 325 3034 qua
337 2958 460 3034 formam
474 2959 566 3038 capit,
577 2959 624 3018 vel
637 2977 694 3036 qua
709 2967 839 3016 mutatur
851 2968 879 3014 et
889 2953 1027 3012 vertitur.

305 3127 386 3176 ¹Psal.
403 3143 459 3184 cm,
476 3129 516 3174 24.
