2316 4020
250 507 298 551 itt
429 503 816 558 s.tucusrm1nr1scorr
854 569 857 576 Ι

246 607 387 684 lacrymas
400 601 463 678 ejus
478 601 582 660 diebus
592 623 626 661 ac
639 605 774 666 noctibus
785 627 840 685 pro
857 628 903 668 me
920 612 1009 670 sacri-

246 693 387 750 ficabatur
405 688 473 761 tibi3
490 703 520 747 et
538 691 621 769 egisti
640 713 754 754 mecum
776 698 858 756 miris
879 700 973 759 modis
982 702 1007 757 *.

246 787 288 840 Tu
298 780 371 839 iliud
382 779 476 857 egisti,
486 784 565 840 Deus
576 801 667 842 meus.
681 788 781 843 Nema
792 789 918 846 Domino
928 809 1008 867 gres-

245 893 292 930 sus
313 869 438 928 hominis
459 868 639 947 dirigrmtur;
661 885 691 930 et
709 875 786 933 viam
804 877 867 954 ejus
889 878 969 936 volet
985 889 1007 932 ¹.

247 968 305 1018 Aut
325 979 389 1036 quae
413 959 583 1037 procuratio
612 961 729 1035 salutis,
750 978 857 1041 praeter
887 985 1005 1025 manum

247 1063 341 1121 tuam,
358 1048 534 1108 reficientem
553 1069 618 1125 quae
633 1052 747 1111 fecisti?

502 1235 636 1316 caru'r
658 1259 748 1320 vm.

309 1435 470 1486 Proficiscitur
483 1423 584 1486 Romam
593 1433 679 1487 contra
692 1419 774 1490 mamis
786 1439 941 1489 voluntatem.

291 1611 335 1666 14.
351 1610 441 1686 Egisti
458 1629 529 1688 ergo
543 1629 659 1668 mecum
677 1623 711 1668 ut
726 1611 798 1668 mihi
813 1611 1008 1687 persuadere-

248 1714 295 1758 tur
307 1706 430 1758 Romam
445 1717 583 1778 pergere,
596 1713 626 1758 et
635 1701 732 1777 potius
746 1699 789 1758 ibi
807 1700 1005 1775 decerequod

248 1791 390 1849 docebam
404 1790 585 1870 Carthagine.
601 1795 636 1848 Et
646 1789 702 1848 hoe
714 1790 793 1848 unde
807 1790 877 1847 mihi
889 1809 1008 1866 persua-

248 1901 312 1938 sum
322 1894 366 1937 est
375 1879 397 1948 ξ
408 1898 466 1936 non
477 1879 635 1956 praeteribo
645 1879 778 1936 confiteri
790 1877 842 1936 tibi
851 1901 859 1949 3
868 1880 1006 1956 quoniam

248 1973 317 2027 etin
328 1971 373 2026 his
387 1969 516 2026 altissimi
530 1967 574 2026 tui
588 1987 733 2039 recessus,
746 1979 775 2025 et
784 1968 1007 2045 praesentissima

246 2062 275 2116 in
286 2080 338 2116 nos
348 2055 546 2114 misericordia
554 2068 604 2114 tua
615 2056 768 2135 cogitanda
779 2070 809 2114 et
819 2058 1007 2134 praedicanda

247 2163 296 2206 est.
315 2153 379 2203 Nou
393 2146 460 2203 ideo
472 2150 594 2203 Romam
607 2164 729 2223 pergere
744 2147 839 2218 volui,
855 2147 934 2225 quod
948 2167 1008 2206 ma-

244 2240 324 2314 jores
340 2249 483 2312 quaestus,
494 2234 646 2313 majorque
661 2227 734 2294 mihi
747 2237 870 2314 dignitas
884 2237 921 2295 ab
933 2240 1008 2295 ami-

248 2330 302 2395 cis,
319 2329 370 2402 qui
389 2327 445 2382 hoc
464 2324 641 2396 suadebant,
656 2325 896 2403 promittebatur3
910 2347 1006 2404 quan-

248 2437 334 2492 quam
355 2428 384 2472 et
402 2417 457 2502 ista
475 2413 622 2473 ducebant
643 2417 771 2475 animum
791 2428 859 2474 tunc
881 2437 978 2474 meum
999 2441 1006 2473 :

248 2506 360 2563 sedilia
380 2516 442 2562 erat
456 2521 542 2562 causa
561 2504 684 2562 maxima
698 2517 727 2562 et
746 2524 820 2588 pene
836 2508 910 2576 sola,
925 2509 1008 2583 quoti
1102 2527 1105 2534 ·

248 2597 401 2654 audiebam
416 2596 543 2672 quietius
556 2594 597 2652 ibi
615 2594 733 2653 studere
747 2595 961 2664 adolescentes,
978 2613 1008 2656 et

248 2689 426 2746 ordinatiore
444 2687 603 2764 disciplinae
618 2687 795 2744 coercitione
809 2688 917 2758 sedari,
927 2708 965 2745 ne
976 2691 1007 2745 in

249 2782 311 2856 ejus
321 2781 449 2836 scholam
464 2797 524 2856 quo
537 2779 675 2856 magistro
688 2797 745 2834 non
756 2789 890 2849 utuntur,
900 2780 1007 2856 passim

248 2885 276 2927 et
297 2883 434 2946 proterve
455 2870 583 2942 irruant3
604 2887 658 2926 nec
678 2888 727 2926 eos
746 2869 859 2926 admitti
878 2869 1006 2939 omnino,

247 2961 302 3016 nisi
320 2959 369 3015 iile
387 2959 559 3034 permiserit.
575 2964 699 3029 Contra,
713 2957 792 3036 apud
803 2957 1006 3035 Carthaginem

248 3049 323 3105 foeda
345 3060 387 3104 est
408 3059 435 3103 et
461 3049 656 3125 intemperans
680 3047 799 3105 ¹lieentia
819 3047 1008 3129 scholastico-¹

286 3237 295 3260 1
311 3225 371 3276 Psai.
385 3241 472 3283 xxxvi,
486 3231 527 3276 23.
600 3265 603 3272 .
