2394 4010
356 502 606 554 CONFESSIONUM
623 503 718 552 LIBER
736 503 782 550 lx.
897 507 944 554 2o7

192 629 206 656 ι)
217 621 308 680 rogo,
324 613 358 660 ut
371 603 408 661 ad
422 603 540 661 Domini
567 604 658 662 altare
681 603 867 662 memineritis
890 609 947 678 mei

193 721 205 747 υ
220 694 273 753 ubi
291 693 343 752 ubi
366 695 514 752 fueritis.»
533 697 665 770 Cumque
683 693 758 752 banc
778 697 947 755 sententiam

194 783 292 842 verbis
307 783 415 861 quibus
430 789 546 862 poterat
558 784 740 862 explicasset,
753 785 906 855 conticuit3
921 801 949 844 et

193 876 413 953 ingravescente
423 873 531 932 morbo
549 873 747 933 exercebatur.

219 964 282 1024 128.
294 969 355 1043 Ego
366 985 439 1023 vero
453 965 581 1042 cogitans
594 964 670 1024 dona
680 977 744 1036 tua,
757 969 836 1023 Deus
847 966 950 1024 invisi-

194 1055 278 1129 bilis,
293 1075 357 1132 quae
375 1055 506 1114 immittis
523 1055 554 1112 in
568 1053 658 1134 corda
671 1051 801 1112 fidelium
815 1067 948 1127 tuorum,

193 1159 225 1203 et
235 1146 413 1224 proveniunt
425 1145 494 1203 inde
508 1146 605 1222 fruges
619 1144 820 1215 admirabiles;
837 1145 948 1222 gaude-

195 1234 262 1293 bam
276 1248 306 1294 et
318 1236 425 1312 gratias
439 1233 561 1312 agebam
575 1232 644 1307 tibi,
660 1234 790 1292 recolens
802 1234 882 1311 quod
896 1255 950 1292 no-

113 1390 117 1394 ,
194 1345 309 1397 veram,
326 1338 434 1403 quanta
458 1323 529 1383 c'ura
546 1344 662 1402 semper
682 1336 828 1383 aestuasset
848 1325 885 1382 de
905 1344 953 1383 se-

196 1417 300 1494 pulcro
316 1417 395 1494 quod
416 1415 471 1475 sibi
492 1415 664 1494 providerat
686 1428 715 1474 et
737 1431 950 1493 preparaverat

193 1505 278 1582 juxta
292 1526 398 1584 corpus
412 1507 469 1564 viri
483 1506 537 1564 sui.
552 1506 627 1579 Quia
640 1505 716 1563 enim
730 1505 817 1562 valde
829 1526 950 1564 concor-

198 1595 273 1654 diter
284 1597 429 1668 vixerant,
447 1594 478 1653 id
493 1595 580 1653 etiam
596 1591 729 1665 volebat,
740 1607 774 1652 ut
784 1608 827 1655 est
838 1599 950 1654 animus

197 1686 340 1744 humanus
354 1685 450 1744 minus
470 1705 562 1764 capax
585 1684 765 1756 divinorum,
779 1683 899 1762 adjungi
913 1689 950 1744 ad

197 1775 276 1836 illam
290 1776 471 1848 felicitatem,
486 1775 515 1834 et
531 1775 752 1834 commemorari
771 1774 809 1832 ab
823 1775 951 1834 homini-

196 1864 266 1936 bus,
285 1885 454 1923 concessum
479 1863 535 1938 sibi
557 1884 619 1924 esse
641 1877 708 1943 post
728 1866 949 1924 transmarinam

197 1954 472 2033 peregrinationem,
488 1967 521 2012 ut
537 1953 691 2031 conjuncta
705 1967 782 2020 terra
797 1953 950 2013 amborum

197 2043 352 2120 conjugum
371 2056 449 2101 terra
468 2055 626 2122 tegeretur.
648 2039 772 2119 Quando
787 2057 883 2102 autem
897 2044 951 2103 ista

196 2133 317 2190 inanitas
338 2133 520 2211 plenitudine
541 2133 681 2194 bonitatis
699 2148 755 2194 tuae
775 2147 901 2214 coeperat
920 2137 951 2192 in

196 2223 258 2302 ejus
274 2223 362 2283 corde
374 2244 432 2281 non
446 2243 520 2296 esse,
535 2224 712 2298 nesciebam,
727 2239 756 2284 et
766 2225 887 2285 laetabar
899 2225 952 2284 ad-

196 2318 303 2376 mirans
324 2316 404 2395 quod
419 2317 460 2374 sic
477 2317 548 2374 mihi
571 2317 749 2395 aperuisset*
758 2333 771 2390 3·
785 2338 951 2396 quanquam

180 2419 226 2464 'et
252 2407 282 2465 in
304 2407 355 2465 illo
378 2425 510 2464 sermone
533 2420 632 2465 nostro
655 2407 691 2466 ad
713 2409 864 2468 fenestram
885 2429 951 2470 cum

197 2497 283 2568 dixit,
299 2521 311 2546 a
326 2501 390 2554 Jam
404 2497 474 2572 quid
489 2497 537 2554 hic
551 2498 643 2557 facio?
657 2525 669 2550 »
682 2519 740 2556 nou
754 2502 889 2577 apparuit
902 2501 953 2558 de-

197 2586 325 2653 siderare
341 2585 372 2642 in
392 2587 487 2662 patria
502 2587 588 2645 mori.
606 2587 714 2646 Audivi
735 2589 820 2646 etiam
835 2603 953 2667 postea,

199 2675 277 2748 quod
290 2674 351 2751 jam
366 2691 433 2732 cum
446 2676 532 2733 Ostiis
545 2697 684 2749 essemus,
699 2697 766 2735 cum
777 2676 951 2755 quibusdam

199 2764 297 2821 amicis
309 2765 379 2822 meis
392 2777 522 2823 materna
532 2767 639 2826 fiducia
649 2765 869 2843 colloquebatur
877 2788 953 2845 quo-

200 2850 266 2912 dam
278 2852 324 2910 die
337 2854 373 2911 de
388 2868 556 2933 contemptu
567 2859 634 2916 vitae
647 2855 734 2934 hujus
746 2870 775 2914 et
786 2856 865 2916 bono
873 2879 954 2916 mor-

201 2941 250 3023 tis,
264 2940 316 2999 ubi
335 2943 396 3022 ipse
414 2965 472 3003 non
487 2945 621 3018 aderam3
637 2947 752 3025 illisque
769 2947 953 3025 stupentibus

200 3033 338 3090 virtutem
351 3034 479 3107 feminae,
495 3057 582 3113 qnam
593 3049 623 3094 tu
636 3037 758 3096 dederas
768 3038 809 3110 ei,
821 3057 954 3114 quaeren-

200 3120 336 3199 tibusque
348 3134 446 3182 utrum
460 3145 519 3182 non
529 3125 701 3184 formidaret
710 3129 863 3207 tamlonge
876 3149 953 3188 asna

200 3213 318 3296 civitate
345 3233 452 3292 corpus
477 3217 669 3293 relinquere:
693 3218 818 3306 «Nihil,
840 3220 952 3296 inquit,
998 3265 1000 3270 ,
