2384 4052
263 455 315 502 320
446 453 470 500 S.
490 451 672 502 anensem
688 453 833 504 aristosi

263 551 358 612 carnis
375 553 516 610 relectum
529 563 553 624 ¹3
571 557 711 612 Ioannem
729 550 856 610 miribili
873 549 1020 608 abstinen-

264 646 302 702 tia
320 643 487 720 praeditum,
506 643 693 716 animalibus,
706 645 764 702 hoc
779 655 822 702 est
839 643 973 712 locustis,
987 643 1018 698 in

258 750 358 792 'escam
387 735 581 794 cedentibus²
609 756 667 793 non
689 735 777 794 fuisse
797 733 955 812 pollutum.
981 735 1019 788 Et
1079 775 1086 792 .

262 826 323 883 scio
334 820 410 882 Esau
426 825 571 882 lenticulae
582 823 816 902 concupiscentia
829 817 1018 898 deceptum³3

259 927 291 972 et
309 913 404 972 David
417 926 540 990 propter
548 912 820 990 aquaedesiderium
832 931 849 970 a
861 911 958 988 seipso
970 929 1019 968 re-

262 1003 473 1081 prehensum&
487 1016 516 1062 et
525 1009 634 1082 Regem
645 1016 777 1063 nostrum
793 1001 902 1060 nonde
921 1019 1018 1070 carne,

262 1094 313 1152 sed
328 1094 364 1152 de
383 1113 460 1172 panc
473 1115 535 1153 esse
550 1093 721 1154 tentatum⁵.
732 1094 863 1172 Ideoque
880 1105 909 1151 et
920 1111 1019 1169 popu-

261 1186 308 1244 lus
321 1187 353 1242 in
363 1205 476 1256 eremo,
490 1207 550 1260 non
564 1187 633 1263 quia
647 1204 749 1244 carnes
763 1184 956 1253 desideravit,-
965 1182 1017 1240 sed

262 1276 331 1352 quia
348 1297 421 1334 escae
439 1276 584 1335 desiderio
600 1277 741 1334 adversus
756 1274 914 1334 Dominum
933 1293 1017 1332 mnr-

263 1367 402 1438 muravit,
417 1366 524 1426 meruit
543 1365 706 1443 improbari
720 1363 742 1420 ⁶.

303 1455 351 1512 47.
368 1459 403 1512 In
421 1455 467 1512 his
481 1475 551 1534 ergo
564 1455 773 1514 tentationibus
793 1455 923 1532 positus,
938 1465 1021 1513 certo.

262 1545 392 1621 quotidie
426 1545 566 1604 adversus
599 1544 863 1624 concupiscentiam
892 1541 1018 1600 mandu-

262 1634 349 1692 candi
370 1647 399 1692 et
418 1633 540 1693 bibendi
559 1657 566 1692 :
585 1655 645 1694 non
667 1635 744 1693 enim
767 1645 811 1691 est
832 1631 911 1709 quod
930 1633 1021 1690 semel

262 1723 421 1800 praecidere
439 1737 469 1782 et
482 1725 605 1784 ulterius
618 1746 677 1784 non
694 1724 834 1800 attingere
849 1721 1018 1794 decernam,
1084 1741 1086 1744 ·

262 1814 337 1872 sicut
352 1813 388 1872 dc
402 1814 559 1872 concubitu
573 1816 666 1893 potui.
684 1819 786 1892 Itaque
805 1813 879 1870 freni
893 1811 1019 1887 gutturis

262 1917 423 1981 temperata
438 1905 617 1965 relaxatione
633 1918 664 1963 et
679 1901 883 1963 constrictione
900 1901 1019 1960 tenendi

263 2001 338 2053 sunt.
352 1998 388 2052 Et
400 1994 464 2071 quis
478 2007 530 2067 est,
544 1997 678 2066 Domine,
692 1995 743 2071 qui
753 2013 811 2052 non
827 1992 959 2069 rapiatur
970 1991 1020 2050 ali-

264 2086 438 2161 quantulum
457 2099 539 2146 extra
559 2100 649 2144 metas
667 2085 865 2144 necessitatis?
882 2080 1021 2160 Quisquis‘

263 2187 320 2244 est,
334 2195 454 2252 magnus
476 2189 537 2247 est3
553 2177 718 2253 magnificet
732 2195 837 2234 nomen
852 2187 942 2232 tuum.
957 2177 1019 2250 Ego

263 2277 361 2324 autem
378 2283 436 2321 non
449 2285 529 2335 sum,
543 2267 613 2341 quia
626 2277 764 2341 peccator
775 2264 864 2322 homo
877 2283 951 2322 sum.
962 2263 1020 2322 Sed

263 2363 293 2410 et
309 2371 364 2429 ego
386 2354 537 2430 magnifico
555 2372 660 2410 nomen
683 2365 783 2424 tuum,
803 2365 832 2411 et
854 2352 1021 2430 interpellat

263 2455 292 2500 te
308 2463 364 2519 pro
379 2442 505 2520 peccatis
522 2443 593 2500 meis
606 2453 617 2490 ⁷
636 2444 687 2523 qui
702 2443 772 2502 vicit
785 2445 922 2502 saeculum
932 2441 955 2516 ⁸,
968 2463 1021 2500 nu·

263 2551 377 2591 menans
390 2552 436 2590 mc
448 2532 524 2590 inter
534 2533 651 2590 infirma
667 2532 798 2592 membra
814 2534 946 2609 corporis
958 2532 1019 2603 sui,

263 2623 333 2698 qnia
346 2635 377 2681 et
392 2623 595 2700 imperfectum
612 2623 701 2700 ejus*
717 2623 854 2683 viderunt
869 2623 947 2680 oculi
962 2623 1020 2693 tui,

264 2724 293 2770 et
306 2712 336 2770 in
347 2711 425 2770 libro
439 2725 604 2772 tnoomnes
617 2711 783 2774 scribentur
792 2723 815 2772 ⁹.

281 2981 283 2984 ¹
301 2925 359 2972 ¹111
368 2926 586 2988 Reg.xv11‚o.—
601 2934 612 2961 ¹
626 2925 717 2994 Matth.
727 2941 770 2992 nr,
786 2928 809 2974 4.
818 2951 853 2962 -
865 2923 877 2962 3
887 2929 950 2976 Gen.
963 2941 1021 2982 xxv,

265 3008 308 3056 34.
321 3001 380 3044 -l
399 3007 424 3052 ΙΙ
435 3008 495 3070 neg.
510 3021 588 3068 utu,
606 3010 693 3058 15-17.
710 3033 746 3044 —-
766 3003 778 3042 ⁵
794 3005 884 3056 Matth.
902 3023 935 3066 ιν,
950 3011 974 3055 3.
986 3033 1021 3044 -

264 3083 361 3136 ⁶llum.
372 3101 405 3134 ιι.
414 3112 453 3129 Ρ
469 3095 480 3133 7
493 3090 564 3136 Rom.
578 3091 734 3149 v111,34.-
753 3085 764 3123 ⁸
776 3093 849 3154 Joan.
861 3105 913 3155 xri,
934 3091 976 3136 33.
986 3114 1021 3122 —-

265 3164 348 3216 ensal.
363 3179 486 3226 suumn,
500 3168 540 3216 lo.

610 3255 618 3280 Ι
