2316 4020
293 451 543 504 connnsslomtnt
560 455 654 505 LIBER
672 459 715 506 tv.
849 463 880 507 93

391 612 524 676 CAPUT
545 615 620 678 VII.

272 767 429 833 Impatientia
446 768 536 820 doloris
551 779 630 820 mutat
645 772 733 823 locum.

168 907 213 964 12.
234 913 265 966 Ο·
273 909 449 968 dementiam
465 913 641 971 nescientem
657 912 778 992 diligere
790 916 884 975 homiL

123 1017 175 1055 nes
185 998 360 1056 humaniter!
372 1017 390 1056 ο
400 1000 521 1058 stultum
533 1001 681 1060 bominem
692 1003 882 1064 immoderate

123 1087 249 1144 humana
266 1087 439 1163 patientem,
454 1090 536 1166 qued
556 1110 610 1168 ego
626 1103 695 1148 tunc
712 1095 805 1150 eram!
822 1097 882 1153 Ita-

122 1196 179 1252 que
191 1175 369 1250 aestuabam,
380 1178 572 1256 suspirabam,
588 1179 693 1239 flebam
700 1224 709 1255 ,
722 1181 880 1255 turbabar;

120 1288 173 1326 nec
183 1268 301 1344 requies
311 1281 386 1341 erat,
401 1289 454 1328 nec
468 1271 629 1329 consilium.
639 1270 794 1330 Portabam
804 1274 880 1332 enim

119 1357 316 1415 censuissem*
331 1370 520 1418 aramentum
532 1360 656 1419 animam
670 1381 777 1433 meam,
791 1363 881 1441 impa-

120 1448 242 1507 tientem
255 1469 273 1507 a
286 1467 333 1507 me
347 1448 516 1524 portariam
526 1448 658 1508 ubieam
669 1471 808 1529 ponerem
823 1441 885 1512 utut¹

118 1536 315 1597 inveniebatur
328 1541 397 1596 Non·
406 1539 437 1595 in
449 1540 568 1616 aanoenis
584 1540 768 1612 nemoribus,
779 1561 838 1599 non
851 1544 881 1600 in

119 1626 198 1686 ludis
212 1641 301 1706 atque
314 1629 461 1700 cantibus,
473 1647 527 1689 nec
540 1631 571 1689 in
582 1651 671 1690 suave
681 1633 831 1692 olentibus
840 1635 883 1692 lo·

119 1719 178 1788 cis,
190 1739 250 1777 nee-
263 1720 292 1777 in
313 1721 453 1780 conviviis
467 1724 629 1800 apparatis,
641 1743 736 1800 neque
750 1723 780 1780 in
793 1727 880 1782 voiu-

119 1809 356 1888 praeemineat
366 1813 447 1884 lecti,
458 1829 517 1871 nen
526 1815 653 1892 deniqne
660 1812 784 1870 inlibris
793 1825 881 1889 atque

119 1901 303 1961 carminibus
322 1904 532 1981 aequieseebat.
545 1904 714 1964 Horrebant
727 1903 841 1987 omnia,
853 1917 882 1961 et

119 1994 188 2069 ipsa·
201 1994 270 2064 i'nx3
283 2004 313 2052 et
328 1995 471 2073 quidquid
484 2015 546 2055 non·
558 2010 624 2056 erat
639 1991 719 2074 quud
732 1994 782 2052 ille
802 2006 881 2076 erat,¹

119 2083 292 2160 improbum
303 2097 335 2142 et
347 2085 480 2145 odiosum
494 2076 577 2158 erat,
585 2098 691 2164 prater
703 2085 840 2164 gemitum
849 2079 882 2142 'et
934 2127 937 2130 -

119 2175 275 2250 lacrymas.
288 2182 362 2236 Nam
378 2176 409 2232 in
426 2177 469 2234 eis
480 2177 549 2234 sniis
562 2175 740 2254 aliquantula
755 2175 879 2251 requies.

120 2262 182 2321 Ubi
192 2277 291 2322 autem
302 2264 370 2323 inde
384 2264 569 2324 auferebatur
581 2266 675 2324 anima
686 2283 761 2336 mea,
774 2281 881 2323 onera—

122 2353 174 2412 bat
195 2372 242 2412 me
260 2355 378 2431 grandis
397 2355 513 2414 sarcina
528 2356 658 2414 miseriae.
679 2357 725 2415 Ad
741 2369 770 2414 te
778 2356 800 2426 ¹⁹,
819 2360 881 2413 ΒΟ·-

122 2446 216 2516 mine,
240 2445 368 2504 levanda
384 2459 445 2504 erat
463 2459 494 2504 et
514 2447 656 2519 curanda,
674 2445 817 2517 sciebam
830 2446 881 2504 sed

122 2553 177 2592 nee
188 2534 339 2606 volebam,
349 2553 403 2594 nee
419 2536 567 2608 valebam,
581 2555 617 2594 eo
632 2536 724 2614 magis
740 2535 881 2612 quianon

123 2625 195 2682 mihi
206 2640 271 2684 eras·
278 2626 389 2703 aliquid
401 2627 525 2686 solidum
539 2637 570 2685 et
578 2628 709 2698 firmum,
724 2635 790 2684 cum
804 2625 880 2683 dete

123 2715 297 2792 cogitabam.
310 2721 372 2774 Non
385 2717 508 2774 enimtn
514 2735 591 2788 eras,
607 2715 658 2773 sed
669 2731 776 2771 vanum
785 2713 881 2790 phan-

124 2817 227 2876 tasma,
242 2817 275 2862 et
288 2817 372 2862 error
381 2817 539 2864 meuserat
553 2809 634 2862 Deus
647 2821 737 2860 meust
749 2800 778 2860 si
792 2817 880 2859 eona-

123 2892 179 2952 bar
190 2911 256 2952 eam
268 2893 311 2952 ibi
329 2909 438 2972 ponere
455 2906 489 2952 ut
505 2894 714 2971 requiesceret,
727 2911 781 2971 per
795 2892 880 2951 inane

124 2981 290 3055 labebatur,
310 2984 468 3042 etiterum
482 2983 589 3042 ruebat·
604 2999 692 3062 super
705 2995 766 3055 me3
782 2995 812 3041 et
827 3002 881 3060 ego

124 3073 197 3132 mibi
215 3087 414 3132 remanseram
430 3073 535 3140 infelix·¹
552 3075 651 3145 loeus,
667 3073 725 3133 ubi·
742 3093 796 3132 nee
819 3091 881 3131 esse

124 3175 249 3240 possent,
258 3183 314 3223 nee
322 3163 397 3222 inde
403 3163 548 3222 recedere.
557 3168 623 3238 Quo
631 3163 710 3222 enim
719 3181 771 3221 cor
782 3174 880 3222 meum
