2356 4018
243 451 295 500 ²0⁰
428 449 452 498 ἃ
472 449 653 499 Aususruu
670 451 810 500 urrscorl

243 569 325 610 cussa
343 550 510 610 infirmitate
528 529 659 610 redditus
679 553 788 625 solitis,
803 572 862 610 non
885 569 999 609 mecum

242 640 371 702 toreham
400 643 455 702 nisi
483 655 626 702 amantem
656 645 841 715 memoriam,
863 655 892 702 et
917 642 1000 720 quasi

241 731 346 790 olfacta
367 730 578 792 desiderantem
605 752 670 810 quae
697 733 850 792 comedere
871 730 1000 791 nondum

242 841 368 900 possem.

481 941 616 1004 CAPUT
635 941 758 1004 XVIII.

411 1089 484 1140 Soiue
502 1087 612 1139 Christus
631 1088 669 1139 vir
683 1089 714 1138 ad
730 1089 840 1139 salutem.

282 1223 328 1280 24.
344 1227 380 1280 Et
399 1219 564 1299 quaerebam
581 1221 659 1280 viam
679 1221 868 1301 comparandi
882 1220 1000 1280 roboris

244 1312 324 1389 quod
338 1323 412 1370 esset
424 1311 561 1370 idoneum
575 1310 612 1369 ad
628 1311 784 1371 fruendum
794 1323 839 1384 te,
853 1332 906 1370 nec
918 1313 1001 1370 inve-

243 1399 374 1473 niebam,
390 1402 483 1460 donec
497 1402 687 1480 amplecterer
698 1402 888 1460 mediatorem
903 1402 957 1459 Dei
971 1413 1000 1458 et

242 1490 407 1564 hominum,
418 1493 565 1551 hominem
579 1492 726 1551 Christum
736 1497 835 1551 Jesum
847 1503 872 1562 ¹,
887 1491 938 1568 qui
955 1501 998 1548 est

241 1582 440 1657 superomnia
457 1585 536 1640 Deus
552 1579 722 1640 benedictus
735 1581 767 1638 in
785 1581 889 1638 saecula
901 1587 930 1650 ¹,
945 1597 998 1636 vo-

243 1682 354 1727 cantem
376 1682 404 1728 et
425 1671 582 1741 dicentem,
601 1675 663 1748 Ego
682 1693 744 1728 sum
762 1677 825 1740 via,
840 1675 958 1738 veritas,
971 1679 1000 1724 et
1095 1671 1097 1676 '

242 1762 305 1813 uita
318 1753 347 1828 ³;
358 1770 387 1815 et
404 1758 518 1829 cibum,
533 1759 581 1815 cui
597 1757 739 1834 capiendo
750 1755 894 1820 invalidus
906 1774 1000 1826 eram,

243 1847 408 1904 miscentem
424 1847 518 1918 carni3
528 1847 665 1923 quoniam
672 1845 801 1905 Verbum
813 1863 882 1902 caro
892 1845 1001 1902 sactum

242 1946 302 2006 est,
322 1947 355 1991 ut
377 1935 504 1992 infantiae
531 1947 637 1992 nostrae
664 1935 839 1993 lactesceretv
859 1931 1001 2011 sapientia

243 2036 303 2095 tua,
317 2043 370 2100 per
391 2044 477 2100 quam
503 2024 607 2084 creasti
625 2024 736 2082 omnia.
759 2026 825 2081 Non
847 2023 925 2080 enim
952 2033 1000 2078 te·

241 2111 346 2174 nebam
364 2114 521 2171 Dominum
533 2133 629 2172 meum
643 2118 755 2184 Jesrun,
768 2111 890 2173 humilis
900 2109 1000 2168 humi-

244 2199 314 2271 lem3
325 2221 378 2258 nec
393 2200 475 2277 cujus
489 2203 532 2260 rei
545 2203 681 2280 magistra
690 2215 764 2262 esset
778 2201 839 2278 ejus
849 2199 1001 2258 infirmitas

242 2306 389 2346 noveram.
403 2289 532 2349 Verbum
553 2293 629 2350 enim
648 2305 732 2350 tuum
753 2303 859 2348 aeterna
879 2288 1000 2360 veritas,

243 2377 442 2453 superioribus
460 2393 599 2438 creaturae
616 2394 672 2439 tuae
687 2379 820 2459 partibus
838 2378 1001 2455 superemi-

242 2483 325 2536 nens,
343 2467 476 2528 subditos
488 2471 572 2547 erigit
592 2470 629 2528 ad
643 2472 767 2548 seipsam
782 2490 789 2526 ε
806 2470 836 2526 in
855 2467 1001 2525 inferiori-

241 2549 298 2609 bus
314 2567 410 2613 autem
424 2558 579 2617 aedificavit
596 2557 652 2617 sibi
667 2557 807 2615 humilem
823 2556 943 2614 domum
961 2553 999 2612 de

240 2642 312 2701 limo
325 2659 434 2718 nostro,
444 2668 499 2726 per
511 2668 599 2725 quam
612 2647 778 2706 subdendos
792 2645 969 2724 deprimeret
982 2663 999 2700 a

240 2732 357 2809 seipsiS,
372 2749 401 2795 et
413 2737 450 2795 ad
466 2758 496 2795 se
513 2734 671 2816 trajiceret,
686 2755 787 2796 sanans
801 2749 960 2806 tumorem,
970 2746 999 2791 et

240 2823 368 2880 nutriens
379 2839 523 2899 amorem}
535 2848 571 2886 ne
582 2828 688 2886 fiducia
701 2827 744 2884 sui
755 2825 999 2904 progrederentur

238 2911 361 2990 longius,
376 2916 427 2975 sed
441 2921 537 2996 potius
557 2921 770 2978 infirmarentur
783 2917 913 2975 videntes
933 2928 999 2974 ante

242 3005 331 3081 pedes
345 3027 412 3066 suos
426 3009 569 3069 infirmam
589 3011 769 3070 divinitatem
788 3028 824 3067 ex
840 3007 999 3087 participa-

281 3150 389 3202 ¹1rim.
402 3159 670 3217 11,5.-²1tom.1x,
683 3161 755 3206 5.-
769 3153 962 3212 Hermam&
