2316 4020
278 431 309 478 94
461 431 486 478 S.
504 429 682 478 AUGUSTINI
699 428 840 477 EPISCOPI

276 532 388 606 fugeret
402 550 418 587 a
433 529 521 587 corde
533 530 618 587 meo?
634 547 693 605 quo
709 543 786 586 arne
801 529 866 606 ipso
881 529 1034 608 lugerem?

275 639 333 696 quo
351 635 396 678 me
412 640 470 678 non
484 621 638 696 sequerer?
650 623 687 676 Et
696 631 791 677 tamen
804 618 866 695 fugi
880 619 916 676 de
926 623 1030 698 patria.

274 709 369 766 Minus
384 710 539 767 enimcum
553 707 724 785 quaerebant
737 709 816 766 oculi
829 709 900 781 mei,
914 709 1011 768 ubi
983 732 1033 770 vr-

274 800 343 858 dere
361 821 419 858 non
433 800 575 873 solebant3
590 812 677 877 atque
688 820 706 857 a
721 799 904 878 Thagastensi
920 801 1032 879 oppido

276 911 341 948 veni
333 892 562 970 'Carthaginem

525 1040 659 1102 CAPUT
680 1040 771 1102 VIII.

325 1203 430 1265 Tempus
441 1207 466 1248 et
475 1196 607 1249 amicorum
621 1195 739 1263 colloquia
751 1196 827 1246 dolori
838 1196 974 1247 medentur.

315 1341 359 1397 13.
381 1345 446 1398 Non
456 1353 559 1398 vacant
571 1352 715 1416 tempora,
729 1358 783 1398 nec
796 1339 886 1396 otiose
902 1340 1029 1398 volvun-

273 1442 320 1487 tur
334 1449 499 1507 persensus
516 1440 644 1500 nostr0s3
663 1427 774 1486 faciunt
792 1428 823 1485 in
841 1428 935 1486 animo
954 1430 1029 1488 mira

272 1538 370 1596 opera.
382 1523 455 1576 Ecce
468 1518 626 1576 veniebant
638 1529 668 1574 et
679 1515 870 1596 praeteribant
887 1517 982 1576 dedic
998 1521 1028 1576 in

273 1608 362 1681 diem,
382 1623 411 1666 et
428 1609 572 1668 veniendo
590 1621 619 1666 et
639 1607 843 1686 praetereundo
862 1607 1028 1666 inserebant

158 1745 175 1771 .,
272 1699 343 1757 mihi
354 1699 464 1777 species
473 1700 542 1756 alias
554 1710 583 1756 et
593 1695 662 1755 alias
673 1698 837 1768 memorias,
850 1710 879 1754 et
888 1698 1026 1774 paulatim

271 1789 465 1849 resarciebant
486 1810 533 1847 me
550 1788 678 1866 pristinis
698 1787 853 1866 generibus
876 1787 1028 1846 delectati-

271 1897 373 1950 onum,
385 1878 493 1955 quibus
506 1877 628 1936 cedebat
640 1877 724 1935 dolor
736 1895 816 1935 meus
824 1877 888 1950 ille;
899 1876 951 1934 sed
963 1897 1027 1935 suc-

271 1967 412 2028 cedebant
425 1967 612 2044 nonquidem
628 1966 743 2024 dolores
754 1957 817 2037 alii,
829 1979 1025 2042 cauQmmen

270 2056 392 2114 aliorum
409 2057 552 2114 dolorum.
568 2059 642 2113 Nam
656 2055 733 2112 unde
747 2075 792 2112 me
804 2055 940 2113 facillime
952 2069 982 2112 et
994 2057 1025 2114 in

269 2145 370 2203 intima
390 2145 474 2204 dolor
489 2144 538 2203 ille
556 2156 771 2222 penetraverat,
788 2143 843 2201 nisi
857 2144 926 2222 quia
940 2143 1026 2202 sude-

268 2253 331 2290 ram
342 2234 372 2291 in
386 2253 502 2295 arenam
514 2234 637 2292 animam
650 2253 757 2305 meam,
772 2233 918 2310 diligendo
935 2235 1026 2292 mori-

270 2333 367 2380 turum
386 2324 466 2381 acsi
484 2343 541 2381 non
560 2324 750 2381 moriturum?
770 2323 894 2380 Maxime
913 2324 1024 2400 quippe

268 2429 314 2468 me
335 2412 508 2489 reparabant
522 2426 608 2489 atque
622 2413 793 2471 recreabant
807 2412 929 2469 aliorum
949 2413 1023 2470 ami-

269 2520 369 2559 corum
383 2503 499 2575 solatia,
516 2523 583 2563 cuin
601 2503 708 2602 quibus
726 2501 858 2560 amabam
874 2503 954 2579 quod
967 2523 1023 2580 pro

269 2603 296 2648 te
314 2591 469 2650 amabam:
484 2605 514 2650 et
529 2592 585 2649 hoc
603 2605 666 2650 erat
681 2592 780 2668 ingens
797 2591 895 2649 sabula
912 2603 941 2648 et
957 2592 1023 2648 lon-

267 2699 336 2758 gum
358 2680 541 2739 mendacium
547 2680 654 2758 ,cujus
672 2679 833 2738 adulterina
854 2680 1023 2782 οουξτίρᾳῑι-

268 2787 323 2826 one
343 2769 587 2847 corrumpebatur
607 2788 687 2826 mens
715 2781 813 2826 nostra
836 2751 980 2846 pruriens
991 2766 1021 2824 in

268 2859 395 2918 auribus.
410 2859 466 2918 Sed
482 2860 531 2916 illa
549 2859 620 2916 mihi
640 2858 739 2916 fabula
752 2879 810 2917 non
824 2858 1021 2930 moriebatur,

267 2947 383 3024 siquis
412 2947 570 3006 amicorum
596 2967 727 3006 meorum
757 2959 928 3006 moreretur.
955 2948 1021 3006 Alia

267 3047 348 3094 erant
366 3056 431 3113 quae
443 3037 473 3094 in
494 3038 535 3094 eis
555 3037 677 3114 amplius
698 3037 852 3114 capiebant
866 3037 1018 3108 animum:

266 3127 394 3203 colloqui
416 3139 446 3186 et
474 3126 638 3200 corridere,
662 3140 691 3184 et
721 3126 846 3187 vicissim
875 3125 1018 3188 benevole
