2394 4010
270 470 319 515 rue
453 466 477 513 s.
496 459 676 513 aueusrrru
693 450 835 512 nusuom

269 592 280 616 ι,
294 566 349 622 sim
362 562 473 634 nescio,
484 561 545 642 jam
560 574 730 640 consumpta
743 582 795 641 spe
810 561 897 639 hujus
914 563 1017 622 saeculi.

268 681 280 704 »
294 657 391 710 Unum
406 665 468 710 erat
481 664 602 732 propter
615 651 694 728 quod
708 652 739 708 in
751 651 806 709 hae
819 651 878 709 vita
891 652 1020 730 aliquan—

268 771 280 794 »
296 755 356 801 tum
375 743 524 802 immorari
544 741 711 820 cupiebam,
729 754 762 799 ut
783 753 811 800 te
831 741 1019 801 christianum

268 833 469 891 »catholicum
494 833 650 905 riderem,
680 832 850 910 priusquam
881 835 1019 890 morererss

267 948 279 973 υ
294 924 473 982 Cumulatius
486 923 543 980 hoc
558 923 629 981 mihi
641 927 720 980 Deus
736 941 816 980 meus
830 923 972 998 praestitit,
987 935 1022 980 ut

267 1037 279 1062 ι»
295 1024 322 1068 te
336 1001 610 1090 etiam,¹cuntempta
622 1011 757 1070 felicitate
769 1024 891 1084 terrena,
904 1031 1018 1070 servum

267 1129 279 1153 »
296 1101 357 1179 ejus
373 1103 487 1162 videam
501 1125 508 1160 r
521 1102 593 1180 quid
605 1101 653 1160 bic
666 1102 781 1160 faciei»

534 1291 668 1353 CAPUT
689 1291 745 1351 XI.
762 1299 764 1304 '

390 1449 396 1456 .
439 1471 476 1515 De
499 1465 584 1516 ecstasi
605 1473 631 1515 et
652 1473 729 1514 morte
750 1464 840 1514 matris.

302 1631 350 1690 27.
365 1632 482 1692 Adhaec
501 1635 528 1691 ei
547 1633 618 1710 quid
631 1619 848 1710 responderim,
869 1652 927 1688 non
946 1633 1013 1690 satis

262 1724 367 1781 recolo.
383 1725 455 1782 Cum
467 1725 579 1782 interea
591 1725 641 1780 vix
651 1724 729 1780 intra
738 1723 866 1799 quinque
876 1722 1013 1793 dies‚.aut
1031 1741 1034 1748 ·

261 1834 321 1873 non
335 1815 426 1872 multo
439 1815 563 1891 amplius
582 1812 722 1872 decubuit
739 1811 877 1871 febribus.
897 1815 1012 1870 Etcum

260 1916 425 1981 aegrotaret,
440 1904 568 1980 quodam
589 1902 636 1960 die
651 1903 797 1961 defectum
817 1903 920 1973 animae
929 1922 1013 1980 passa

259 2005 317 2066 est,
331 2007 360 2052 et
376 1994 528 2072 paululum
542 1991 691 2051 subtracta
704 2013 721 2051 a
740 1992 939 2070 praesentibus.
956 1998 1012 2052 Nos

259 2085 475 2156 concurrimus,
498 2084 549 2142 sed
573 2084 630 2141 citu
653 2081 767 2141 reddita
789 2095 832 2142 est
850 2086 965 2154 sensui,
985 2096 1013 2142 et

258 2176 370 2253 aspexit
393 2187 532 2246 astantes,
547 2194 594 2232 me
614 2186 642 2240 et
662 2175 782 2232 fratrem
802 2194 910 2246 meum,
926 2188 955 2231 et
972 2176 1011 2232 ait

257 2263 341 2321 nobis
365 2266 447 2340 quasi
467 2265 610 2340 quaerenti'
631 2265 754 2324 similis:
775 2264 861 2324 «Ubi
884 2267 1009 2322 eremi»

187 2425 190 2430 Ι
258 2352 370 2411 Deinde
379 2372 430 2410 nos
443 2355 557 2412 intuens
569 2373 693 2414 moerore
703 2355 839 2414 attonitos
854 2376 860 2410 :
873 2356 1010 2413 «Ponetis
1099 2370 1104 2380 ·

258 2468 269 2502 a
285 2442 346 2514 hie,
361 2444 468 2522 inquit,
485 2456 607 2503 matrem
621 2458 757 2505 vestram.
772 2471 785 2498 »
799 2449 860 2522 Ego
875 2445 1008 2518 silebam,

256 2544 286 2591 et
300 2532 400 2592 fletum
414 2534 571 2593 frenabam.
598 2540 699 2596 Frater
713 2548 809 2595 autem
823 2554 905 2594 meus
919 2535 1009 2611 quid-

256 2622 323 2682 dam
339 2625 454 2683 loeutus
468 2637 528 2696 est,
541 2646 601 2702 quo
614 2646 678 2685 earn
692 2646 751 2687 non
763 2644 900 2702 peregre,
913 2624 963 2682 sed
977 2626 1008 2682 in

255 2714 350 2791 patria
372 2714 490 2794 defungi
514 2729 652 2794 tanquam
673 2717 783 2774 felicius
805 2727 926 2792 optaret.
943 2718 1008 2792 Qup

255 2803 369 2875 audito,
384 2805 434 2863 illa
449 2807 533 2864 vultu
546 2807 633 2864 anxio
647 2792 848 2863 reverberans
856 2823 923 2862 eum
936 2823 1009 2862 ocu-

251 2893 289 2968 lis
306 2894 384 2970 quod
399 2895 465 2954 talia
479 2908 607 2973 saperet,
624 2907 711 2972 atque
726 2892 794 2952 inde
812 2913 859 2951 me
875 2894 1006 2952 intuens:

255 2985 364 3056 «Vide,
390 2988 442 3056 ait,
465 2985 535 3062 quid
561 2983 665 3042 dicit.»
689 2988 724 3041 Et
744 3003 813 3041 mox
839 2982 1005 3042 ambobus:

253 3099 266 3138 r
278 3077 393 3148 Ponite,
408 3076 505 3152 inquit
513 3117 523 3148 ,
537 3074 593 3150 boc
606 3095 713 3154 corpus
726 3073 920 3152 ubicumque3
934 3073 1005 3131 nihil

206 3239 212 3246 Ι
252 3185 331 3223 »vos
348 3164 410 3242 ejus
430 3184 500 3223 cura
523 3164 703 3224 conturbet:
727 3177 839 3223 tautum
860 3163 932 3221 illud
953 3181 1006 3220 vos
