2384 4052
347 423 595 513 conressrouiiu
613 460 707 508 nmen
725 461 758 506 x.
880 462 930 510 nnn
1029 447 1030 452 ’

172 558 309 636 dagubit?
342 559 407 635 quis
438 559 665 634 comprehendet
697 548 845 636 quomodo
874 561 930 616 sit?

174 697 176 700 .
212 645 260 704 25.
275 651 337 723 Ego
353 655 441 718 certe,
454 647 588 717 Domine,
600 647 704 708 laboro
717 647 813 718 hic‚et
826 647 934 728 laboro¹

172 739 202 797 in
218 739 329 816 meipso
342 759 349 794 ε
362 737 455 796 fectus
472 757 537 797 sum
555 736 627 796 mihi
640 749 718 798 terra
733 728 929 809 difficultatis,
1015 759 1019 765 ·

172 841 201 890 et
218 829 332 891 sudoris
350 828 440 892 nimii.
455 833 557 904 Neque
574 829 651 886 enim
670 848 747 890 nunc
766 841 930 894 scrutamur

172 919 272 995 plagas
296 917 374 988 coeli,
401 929 452 976 aut
473 917 602 975 siderum
627 917 780 976 intervalla
803 916 928 978 demeti-

172 999 251 1082 mur,
263 1009 310 1066 vel
324 1021 408 1068 terrae
421 992 594 1068 libramenta
606 1009 763 1097 quaerimus
775 1027 850 1086 :ego
862 1015 929 1070 dum

173 1097 225 1174 qui
241 1097 582 1181 mpmini,1egohnimus.
599 1104 664 1158 Non
682 1101 723 1158 ita
739 1099 859 1171 mirum,
873 1103 897 1160 si
911 1123 934 1164 tu

173 1207 220 1246 me
232 1189 317 1264 longe
332 1200 374 1263 est
387 1188 531 1266 quidquid
545 1208 599 1264 ego
613 1208 672 1246 non
692 1209 766 1249 sum.
781 1189 859 1264 Quid
872 1209 927 1248 au—

174 1290 234 1336 tem
244 1279 436 1355 propinquius
450 1278 560 1356 meipso
572 1279 666 1342 mihi?
677 1283 714 1338 Et
730 1300 798 1340 ecce
814 1297 928 1344 memo-

174 1367 223 1422 riae
242 1387 312 1425 meae
330 1368 374 1424 vis
392 1387 450 1424 non
471 1367 728 1445 comprehenditur
747 1389 764 1426 a
782 1389 842 1438 me,
861 1390 928 1428 cum

121 1449 126 1454 ’
173 1455 269 1532 ip'srim
285 1469 408 1520 menon
424 1456 520 1521 dicam
536 1470 643 1533 praeter
658 1457 747 1522 iilam.
761 1458 839 1533 Quid
851 1451 928 1519 euim

174 1544 302 1604 dicturus
325 1565 388 1605 sum
413 1547 529 1624 quando
547 1548 617 1604 mihi
637 1559 747 1605 certum
765 1560 808 1605 ert
821 1551 926 1609 memi-

173 1634 248 1692 nisse
273 1635 537 1694 meobhvionem?
552 1639 603 1692 ‹An
628 1635 760 1696 dicturus
780 1654 845 1694 sum
869 1656 927 1695 non

174 1721 235 1781 esse
251 1725 283 1782 in
301 1727 440 1783 memoria
453 1745 518 1783 mea
531 1727 612 1803 quod
630 1727 766 1784 memini?
778 1745 816 1784 un
833 1726 927 1785 dictu-

173 1831 223 1872 rus
236 1832 299 1872 sum
315 1815 352 1872 ad
366 1815 422 1872 hoc
436 1815 528 1872 inesse
542 1814 719 1874 oblivionem
738 1816 770 1872 in
788 1816 928 1874 memoria

174 1923 252 1976 mea,
267 1915 300 1961 ut
315 1923 373 1962 non
385 1903 559 1962 obliviscar?
571 1907 736 1982 Utrumque
752 1903 927 1964 absurdissi-

174 2013 254 2054 mum
267 2007 320 2054 est.
332 1993 410 2068 Quid
422 1993 497 2052 illud
509 1995 647 2051 tertium?
660 2003 719 2072 quo
733 2006 821 2072 pacto
832 1993 928 2052 dicam

173 2084 325 2160 imaginem
340 2082 494 2141 oblivionis
518 2083 610 2161 teneri
623 2085 763 2166 mempriu
778 2102 856 2155 mea,
869 2094 927 2142 non

173 2173 265 2250 ipsam
279 2173 469 2252 obliuionem,
482 2181 549 2230 cunt
564 2191 627 2230 eam
639 2172 779 2230 memini?
791 2177 857 2248 Quo
870 2191 926 2249 pa-

174 2275 220 2320 cto
237 2274 266 2321 et
284 2263 341 2339 hpc
359 2261 720 2340 dicam,‘quaudoquidem
740 2281 807 2320 cum
823 2263 928 2340 impri-

173 2354 262 2412 mitur
284 2354 327 2412 rei
347 2353 487 2430 cujusque
506 2355 602 2432 imago
621 2355 651 2412 in
672 2353 826 2422 memoria,
839 2353 927 2430 'prius

167 2463 289 2503 necesse
310 2456 403 2502 estut
423 2445 497 2504 adsit
517 2465 563 2504 res
582 2446 645 2523 ipsa
660 2445 738 2503 unde
758 2444 810 2507 itta
830 2445 927 2518 imago

173 2535 264 2610 possit
295 2534 445 2610 imprimi?
477 2536 525 2594 Sic
554 2536 630 2594 enim
663 2533 842 2610 Carthaginis
865 2551 927 2589 me-

174 2625 260 2693 mini,
274 2625 315 2681 sic
329 2623 457 2680 omnium
471 2625 602 2682 locorum
616 2622 723 2700 quibus
737 2620 870 2689 interfui,
886 2621 927 2678 sic

174 2710 261 2770 facies
281 2712 430 2771 hominum
448 2731 520 2788 quas
538 2712 614 2781 vidi3
629 2723 658 2768 et
671 2723 842 2768 coeterorum
861 2727 928 2764 sen-

174 2817 259 2856 suum
271 2801 414 2874 nuntiata,
429 2801 470 2858 sie
484 2797 720 2876 ipsiu's‘corporis
731 2797 852 2859 salutem
866 2796 927 2854 sire

175 2885 315 2944 dolorem.
326 2893 407 2955 (inm
426 2900 532 2966 praesto
549 2899 642 2946 essent
655 2887 725 2958 ista,
738 2886 816 2965 cepit
832 2885 871 2944 ab
886 2888 927 2944 eis

174 2977 312 3053 imagines
330 2981 469 3038 memoria
486 3000 558 3056 quas
577 2980 706 3038 intuerer
717 2966 886 3057 praesentes,
898 2991 941 3036 et.
980 2995 982 3001 ·

174 3074 362 3129 retractarem
381 3070 476 3127 animo
494 3089 560 3128 cum
580 3070 630 3130 illa
646 3084 674 3130 et
692 3070 820 3130 absentia
838 3071 926 3128 remi-

174 3157 310 3216 niscerer.
325 3159 353 3218 Si
373 3175 442 3235 ergo
464 3179 517 3236 per
535 3159 689 3237 imaginem
705 3179 787 3220 suam
803 3178 861 3218 non
872 3177 925 3235 per
