<?xml version="1.0" encoding="UTF-8"?>
<!DOCTYPE html PUBLIC "-//W3C//DTD XHTML 1.0 Transitional//EN"
    "http://www.w3.org/TR/xhtml1/DTD/xhtml1-transitional.dtd">
<html xmlns="http://www.w3.org/1999/xhtml" xml:lang="en" lang="en">
 <head>
  <title>
</title>
<meta http-equiv="Content-Type" content="text/html;charset=utf-8" />
  <meta name='ocr-system' content='tesseract 3.04.00' />
  <meta name='ocr-capabilities' content='ocr_page ocr_carea ocr_par ocr_line ocrx_word'/>
</head>
<body>
  <div class='ocr_page' id='page_1' title='image "./confessionumlib00maugoog_0250.png"; bbox 0 0 2356 4018; ppageno 0'>
   <div class='ocr_carea' id='block_1_1' title="bbox 236 461 804 513">
    <p class='ocr_par' dir='ltr' id='par_1_1' title="bbox 236 461 804 513">
     <span class='ocr_line' id='line_1_1' title="bbox 236 461 804 513; baseline 0.002 -6"><span class='ocrx_word' id='word_1_1' title='bbox 236 462 286 508; x_wconf 79' lang='lat'>248</span> <span class='ocrx_word' id='word_1_2' title='bbox 421 462 446 512; x_wconf 80' lang='lat' dir='ltr'>S.</span> <span class='ocrx_word' id='word_1_3' title='bbox 464 461 646 513; x_wconf 76' lang='lat' dir='ltr'>AUGUSTINI</span> <span class='ocrx_word' id='word_1_4' title='bbox 663 461 804 512; x_wconf 68' lang='lat' dir='ltr'>unacort</span> 
     </span>
    </p>
   </div>
   <div class='ocr_carea' id='block_1_2' title="bbox 223 561 997 1097">
    <p class='ocr_par' dir='ltr' id='par_1_2' title="bbox 223 561 997 1097">
     <span class='ocr_line' id='line_1_2' title="bbox 223 561 994 646; baseline -0.001 -27"><span class='ocrx_word' id='word_1_5' title='bbox 223 562 305 631; x_wconf 26' lang='lat' dir='ltr'>,viiia</span> <span class='ocrx_word' id='word_1_6' title='bbox 318 581 385 620; x_wconf 87' lang='lat' dir='ltr'>eum</span> <span class='ocrx_word' id='word_1_7' title='bbox 402 561 611 622; x_wconf 82' lang='lat' dir='ltr'>catechumeno</span> <span class='ocrx_word' id='word_1_8' title='bbox 621 565 727 646; x_wconf 62' lang='lat' dir='ltr'>Alypio</span> <span class='ocrx_word' id='word_1_9' title='bbox 749 563 882 632; x_wconf 84' lang='lat' dir='ltr'>feriatus,</span> <span class='ocrx_word' id='word_1_10' title='bbox 901 572 994 618; x_wconf 86' lang='lat' dir='ltr'>matre</span> 
     </span>
     <span class='ocr_line' id='line_1_3' title="bbox 236 649 992 724; baseline -0.005 -12"><span class='ocrx_word' id='word_1_11' title='bbox 236 650 402 712; x_wconf 72' lang='lat' dir='ltr'>adbaerente</span> <span class='ocrx_word' id='word_1_12' title='bbox 422 651 507 712; x_wconf 86' lang='lat' dir='ltr'>nobis</span> <span class='ocrx_word' id='word_1_13' title='bbox 529 654 665 713; x_wconf 86' lang='lat' dir='ltr'>muliebri</span> <span class='ocrx_word' id='word_1_14' title='bbox 686 654 804 724; x_wconf 87' lang='lat' dir='ltr'>habitu,</span> <span class='ocrx_word' id='word_1_15' title='bbox 829 651 908 710; x_wconf 90' lang='lat' dir='ltr'>virili</span> <span class='ocrx_word' id='word_1_16' title='bbox 925 649 992 720; x_wconf 86' lang='lat' dir='ltr'>fide,</span> 
     </span>
     <span class='ocr_line' id='line_1_4' title="bbox 237 739 993 815; baseline -0.005 -13"><span class='ocrx_word' id='word_1_17' title='bbox 237 745 306 802; x_wconf 86' lang='lat' dir='ltr'>anili</span> <span class='ocrx_word' id='word_1_18' title='bbox 318 744 492 814; x_wconf 78' lang='lat' dir='ltr'><strong>securitate,</strong></span> <span class='ocrx_word' id='word_1_19' title='bbox 517 758 647 804; x_wconf 87' lang='lat' dir='ltr'>materna</span> <span class='ocrx_word' id='word_1_20' title='bbox 662 746 818 815; x_wconf 71' lang='lat' dir='ltr'><strong>charitate,</strong></span> <span class='ocrx_word' id='word_1_21' title='bbox 838 739 993 801; x_wconf 81' lang='lat' dir='ltr'>christiana</span> 
     </span>
     <span class='ocr_line' id='line_1_5' title="bbox 238 828 997 912; baseline -0.012 -17"><span class='ocrx_word' id='word_1_22' title='bbox 238 836 365 912; x_wconf 82' lang='lat' dir='ltr'>pietate?</span> <span class='ocrx_word' id='word_1_23' title='bbox 378 838 457 908; x_wconf 83' lang='lat' dir='ltr'>Quas</span> <span class='ocrx_word' id='word_1_24' title='bbox 469 833 522 892; x_wconf 86' lang='lat' dir='ltr'>tibi</span> <span class='ocrx_word' id='word_1_25' title='bbox 531 854 624 894; x_wconf 88' lang='lat' dir='ltr'>-voces</span> <span class='ocrx_word' id='word_1_26' title='bbox 636 835 742 893; x_wconf 87' lang='lat' dir='ltr'>dabam</span> <span class='ocrx_word' id='word_1_27' title='bbox 755 835 786 892; x_wconf 91' lang='lat' dir='ltr'>in</span> <span class='ocrx_word' id='word_1_28' title='bbox 797 831 915 912; x_wconf 83' lang='lat' dir='ltr'>psalmis</span> <span class='ocrx_word' id='word_1_29' title='bbox 927 828 997 899; x_wconf 84' lang='lat' dir='ltr'>illis,</span> 
     </span>
     <span class='ocr_line' id='line_1_6' title="bbox 237 925 994 1003; baseline -0.005 -19"><span class='ocrx_word' id='word_1_30' title='bbox 237 939 267 985; x_wconf 89' lang='lat' dir='ltr'>et</span> <span class='ocrx_word' id='word_1_31' title='bbox 285 925 434 1003; x_wconf 88' lang='lat' dir='ltr'>quomodo</span> <span class='ocrx_word' id='word_1_32' title='bbox 452 927 483 984; x_wconf 93' lang='lat' dir='ltr'>in</span> <span class='ocrx_word' id='word_1_33' title='bbox 505 940 533 984; x_wconf 91' lang='lat' dir='ltr'>te</span> <span class='ocrx_word' id='word_1_34' title='bbox 551 927 755 986; x_wconf 84' lang='lat' dir='ltr'>inflammabar</span> <span class='ocrx_word' id='word_1_35' title='bbox 769 945 805 984; x_wconf 84' lang='lat' dir='ltr'>ex</span> <span class='ocrx_word' id='word_1_36' title='bbox 819 926 874 996; x_wconf 82' lang='lat' dir='ltr'>eis,</span> <span class='ocrx_word' id='word_1_37' title='bbox 895 935 924 982; x_wconf 91' lang='lat' dir='ltr'>et</span> <span class='ocrx_word' id='word_1_38' title='bbox 942 941 994 980; x_wconf 80' lang='lat' dir='ltr'>ae—</span> 
     </span>
     <span class='ocr_line' id='line_1_7' title="bbox 238 1011 995 1097; baseline -0.008 -21"><span class='ocrx_word' id='word_1_39' title='bbox 238 1016 384 1076; x_wconf 86' lang='lat' dir='ltr'>cendebar</span> <span class='ocrx_word' id='word_1_40' title='bbox 402 1036 452 1076; x_wconf 84' lang='lat' dir='ltr'>eos</span> <span class='ocrx_word' id='word_1_41' title='bbox 473 1018 611 1090; x_wconf 87' lang='lat' dir='ltr'>recitare,</span> <span class='ocrx_word' id='word_1_42' title='bbox 637 1020 662 1076; x_wconf 86' lang='lat' dir='ltr'>si</span> <span class='ocrx_word' id='word_1_43' title='bbox 679 1036 812 1097; x_wconf 87' lang='lat' dir='ltr'>possem,</span> <span class='ocrx_word' id='word_1_44' title='bbox 840 1026 902 1073; x_wconf 93' lang='lat' dir='ltr'>toto</span> <span class='ocrx_word' id='word_1_45' title='bbox 922 1011 995 1071; x_wconf 88' lang='lat' dir='ltr'>orbe</span> 
     </span>
    </p>
   </div>
   <div class='ocr_carea' id='block_1_3' title="bbox 235 1100 1004 2178">
    <p class='ocr_par' dir='ltr' id='par_1_3' title="bbox 235 1100 1004 2178">
     <span class='ocr_line' id='line_1_8' title="bbox 240 1100 997 1187; baseline -0.013 -21"><span class='ocrx_word' id='word_1_46' title='bbox 240 1121 399 1178; x_wconf 87' lang='lat' dir='ltr'>terrarum,</span> <span class='ocrx_word' id='word_1_47' title='bbox 420 1108 560 1167; x_wconf 84' lang='lat' dir='ltr'>adversus</span> <span class='ocrx_word' id='word_1_48' title='bbox 580 1109 704 1187; x_wconf 85' lang='lat' dir='ltr'>typhum</span> <span class='ocrx_word' id='word_1_49' title='bbox 723 1105 836 1184; x_wconf 80' lang='lat' dir='ltr'>generis</span> <span class='ocrx_word' id='word_1_50' title='bbox 853 1100 997 1161; x_wconf 75' lang='lat' dir='ltr'>humani?</span> 
     </span>
     <span class='ocr_line' id='line_1_9' title="bbox 240 1190 996 1269; baseline -0.011 -13"><span class='ocrx_word' id='word_1_51' title='bbox 240 1203 276 1258; x_wconf 84' lang='lat' dir='ltr'>Et</span> <span class='ocrx_word' id='word_1_52' title='bbox 294 1211 389 1256; x_wconf 90' lang='lat' dir='ltr'>tamen</span> <span class='ocrx_word' id='word_1_53' title='bbox 411 1211 471 1257; x_wconf 91' lang='lat' dir='ltr'>toto</span> <span class='ocrx_word' id='word_1_54' title='bbox 488 1199 560 1258; x_wconf 88' lang='lat' dir='ltr'>orbe</span> <span class='ocrx_word' id='word_1_55' title='bbox 578 1211 746 1269; x_wconf 86' lang='lat' dir='ltr'>cantantur,</span> <span class='ocrx_word' id='word_1_56' title='bbox 768 1207 798 1256; x_wconf 89' lang='lat' dir='ltr'>et</span> <span class='ocrx_word' id='word_1_57' title='bbox 809 1213 868 1252; x_wconf 85' lang='lat' dir='ltr'>non</span> <span class='ocrx_word' id='word_1_58' title='bbox 888 1190 996 1269; x_wconf 87' lang='lat' dir='ltr'>estqui</span> 
     </span>
     <span class='ocr_line' id='line_1_10' title="bbox 235 1283 998 1363; baseline -0.008 -16"><span class='ocrx_word' id='word_1_59' title='bbox 235 1303 271 1347; x_wconf 81' lang='lat' dir='ltr'>‘se</span> <span class='ocrx_word' id='word_1_60' title='bbox 283 1289 443 1347; x_wconf 86' lang='lat' dir='ltr'>abscondat</span> <span class='ocrx_word' id='word_1_61' title='bbox 458 1306 474 1346; x_wconf 88' lang='lat' dir='ltr'>a</span> <span class='ocrx_word' id='word_1_62' title='bbox 488 1291 585 1349; x_wconf 81' lang='lat' dir='ltr'>calore</span> <span class='ocrx_word' id='word_1_63' title='bbox 598 1303 659 1348; x_wconf 87' lang='lat' dir='ltr'>tuo.</span> <span class='ocrx_word' id='word_1_64' title='bbox 681 1293 776 1363; x_wconf 83' lang='lat' dir='ltr'>Quam</span> <span class='ocrx_word' id='word_1_65' title='bbox 789 1283 959 1345; x_wconf 85' lang='lat' dir='ltr'>vehementi·</span> <span class='ocrx_word' id='word_1_66' title='bbox 969 1294 998 1341; x_wconf 91' lang='lat' dir='ltr'>ct</span> 
     </span>
     <span class='ocr_line' id='line_1_11' title="bbox 241 1374 996 1456; baseline -0.008 -20"><span class='ocrx_word' id='word_1_67' title='bbox 241 1380 301 1441; x_wconf 84' lang='lat' dir='ltr'>acri</span> <span class='ocrx_word' id='word_1_68' title='bbox 319 1379 420 1436; x_wconf 89' lang='lat' dir='ltr'>dolore</span> <span class='ocrx_word' id='word_1_69' title='bbox 438 1378 609 1456; x_wconf 85' lang='lat' dir='ltr'>indignabar</span> <span class='ocrx_word' id='word_1_70' title='bbox 622 1377 805 1448; x_wconf 81' lang='lat' dir='ltr'>Mamcbaeis3</span> <span class='ocrx_word' id='word_1_71' title='bbox 830 1387 860 1434; x_wconf 85' lang='lat' dir='ltr'>et</span> <span class='ocrx_word' id='word_1_72' title='bbox 873 1374 996 1432; x_wconf 83' lang='lat' dir='ltr'>misera-</span> 
     </span>
     <span class='ocr_line' id='line_1_12' title="bbox 241 1461 999 1545; baseline -0.008 -17"><span class='ocrx_word' id='word_1_73' title='bbox 241 1467 295 1528; x_wconf 88' lang='lat' dir='ltr'>bar</span> <span class='ocrx_word' id='word_1_74' title='bbox 308 1487 356 1525; x_wconf 82' lang='lat' dir='ltr'>eos</span> <span class='ocrx_word' id='word_1_75' title='bbox 369 1487 486 1538; x_wconf 77' lang='lat' dir='ltr'>ramus,</span> <span class='ocrx_word' id='word_1_76' title='bbox 503 1469 586 1545; x_wconf 69' lang='lat' dir='ltr'>,quod</span> <span class='ocrx_word' id='word_1_77' title='bbox 599 1469 648 1526; x_wconf 87' lang='lat' dir='ltr'>iila</span> <span class='ocrx_word' id='word_1_78' title='bbox 662 1477 855 1535; x_wconf 85' lang='lat' dir='ltr'>sacramenta,</span> <span class='ocrx_word' id='word_1_79' title='bbox 873 1461 924 1522; x_wconf 91' lang='lat' dir='ltr'>ilia</span> <span class='ocrx_word' id='word_1_80' title='bbox 937 1480 999 1522; x_wconf 85' lang='lat' dir='ltr'>me·</span> 
     </span>
     <span class='ocr_line' id='line_1_13' title="bbox 242 1551 1003 1629; baseline -0.007 -13"><span class='ocrx_word' id='word_1_81' title='bbox 242 1557 405 1616; x_wconf 89' lang='lat' dir='ltr'>dicamenta</span> <span class='ocrx_word' id='word_1_82' title='bbox 421 1559 578 1629; x_wconf 84' lang='lat' dir='ltr'>nescirent,</span> <span class='ocrx_word' id='word_1_83' title='bbox 595 1570 624 1617; x_wconf 88' lang='lat' dir='ltr'>et</span> <span class='ocrx_word' id='word_1_84' title='bbox 643 1557 736 1615; x_wconf 86' lang='lat' dir='ltr'>insani</span> <span class='ocrx_word' id='word_1_85' title='bbox 754 1565 849 1614; x_wconf 86' lang='lat' dir='ltr'>essent</span> <span class='ocrx_word' id='word_1_86' title='bbox 859 1551 1003 1611; x_wconf 71' lang='lat' dir='ltr'>adversus</span> 
     </span>
     <span class='ocr_line' id='line_1_14' title="bbox 242 1641 999 1725; baseline -0.004 -21"><span class='ocrx_word' id='word_1_87' title='bbox 242 1645 487 1724; x_wconf 81' lang='lat' dir='ltr'>antidotumque</span> <span class='ocrx_word' id='word_1_88' title='bbox 512 1649 574 1714; x_wconf 85' lang='lat' dir='ltr'>sani</span> <span class='ocrx_word' id='word_1_89' title='bbox 598 1665 660 1707; x_wconf 88' lang='lat' dir='ltr'>esse</span> <span class='ocrx_word' id='word_1_90' title='bbox 680 1641 862 1725; x_wconf 83' lang='lat' dir='ltr'>potuissent!</span> <span class='ocrx_word' id='word_1_91' title='bbox 888 1642 999 1702; x_wconf 87' lang='lat' dir='ltr'>Vellem</span> 
     </span>
     <span class='ocr_line' id='line_1_15' title="bbox 243 1734 1001 1816; baseline -0.005 -20"><span class='ocrx_word' id='word_1_92' title='bbox 243 1751 277 1796; x_wconf 88' lang='lat' dir='ltr'>ut</span> <span class='ocrx_word' id='word_1_93' title='bbox 288 1737 396 1797; x_wconf 84' lang='lat' dir='ltr'>alicubi</span> <span class='ocrx_word' id='word_1_94' title='bbox 407 1737 493 1816; x_wconf 87' lang='lat' dir='ltr'>juxta</span> <span class='ocrx_word' id='word_1_95' title='bbox 510 1752 605 1799; x_wconf 87' lang='lat' dir='ltr'>essent</span> <span class='ocrx_word' id='word_1_96' title='bbox 623 1737 723 1810; x_wconf 88' lang='lat' dir='ltr'>tunc*,</span> <span class='ocrx_word' id='word_1_97' title='bbox 743 1750 772 1796; x_wconf 86' lang='lat' dir='ltr'>et</span> <span class='ocrx_word' id='word_1_98' title='bbox 788 1754 836 1796; x_wconf 88' lang='lat' dir='ltr'>me</span> <span class='ocrx_word' id='word_1_99' title='bbox 854 1734 1001 1794; x_wconf 79' lang='lat' dir='ltr'>nesciente</span> 
     </span>
     <span class='ocr_line' id='line_1_16' title="bbox 243 1826 1001 1904; baseline -0.007 -18"><span class='ocrx_word' id='word_1_100' title='bbox 243 1827 379 1904; x_wconf 85' lang='lat' dir='ltr'>quodibi</span> <span class='ocrx_word' id='word_1_101' title='bbox 395 1840 505 1900; x_wconf 86' lang='lat' dir='ltr'>essent,</span> <span class='ocrx_word' id='word_1_102' title='bbox 524 1829 707 1888; x_wconf 86' lang='lat' dir='ltr'>intuerentur</span> <span class='ocrx_word' id='word_1_103' title='bbox 721 1826 825 1886; x_wconf 87' lang='lat' dir='ltr'>faciem</span> <span class='ocrx_word' id='word_1_104' title='bbox 840 1843 951 1895; x_wconf 87' lang='lat' dir='ltr'>meam,</span> <span class='ocrx_word' id='word_1_105' title='bbox 971 1834 1001 1882; x_wconf 86' lang='lat' dir='ltr'>et</span> 
     </span>
     <span class='ocr_line' id='line_1_17' title="bbox 244 1915 1000 1997; baseline -0.009 -19"><span class='ocrx_word' id='word_1_106' title='bbox 244 1917 379 1978; x_wconf 74' lang='lat' dir='ltr'>audirent</span> <span class='ocrx_word' id='word_1_107' title='bbox 402 1937 490 1978; x_wconf 87' lang='lat' dir='ltr'>voces</span> <span class='ocrx_word' id='word_1_108' title='bbox 513 1937 608 1992; x_wconf 84' lang='lat' dir='ltr'>meas,</span> <span class='ocrx_word' id='word_1_109' title='bbox 640 1915 758 1997; x_wconf 88' lang='lat' dir='ltr'>quando</span> <span class='ocrx_word' id='word_1_110' title='bbox 782 1915 839 1994; x_wconf 78' lang='lat' dir='ltr'>tegi</span> <span class='ocrx_word' id='word_1_111' title='bbox 862 1924 1000 1992; x_wconf 84' lang='lat' dir='ltr'>quartum</span> 
     </span>
     <span class='ocr_line' id='line_1_18' title="bbox 244 2003 1004 2090; baseline -0.007 -24"><span class='ocrx_word' id='word_1_112' title='bbox 244 2011 402 2090; x_wconf 83' lang='lat' dir='ltr'>psalmum,</span> <span class='ocrx_word' id='word_1_113' title='bbox 420 2009 451 2068; x_wconf 89' lang='lat' dir='ltr'>in</span> <span class='ocrx_word' id='word_1_114' title='bbox 463 2009 514 2070; x_wconf 86' lang='lat' dir='ltr'>iilo</span> <span class='ocrx_word' id='word_1_115' title='bbox 529 2023 600 2070; x_wconf 90' lang='lat' dir='ltr'>tunc</span> <span class='ocrx_word' id='word_1_116' title='bbox 613 2010 689 2081; x_wconf 90' lang='lat' dir='ltr'>otio,</span> <span class='ocrx_word' id='word_1_117' title='bbox 703 2007 775 2087; x_wconf 86' lang='lat' dir='ltr'>quid</span> <span class='ocrx_word' id='word_1_118' title='bbox 790 2007 827 2065; x_wconf 87' lang='lat' dir='ltr'>de</span> <span class='ocrx_word' id='word_1_119' title='bbox 841 2025 887 2064; x_wconf 88' lang='lat' dir='ltr'>me</span> <span class='ocrx_word' id='word_1_120' title='bbox 901 2003 1004 2063; x_wconf 86' lang='lat' dir='ltr'>fecerit</span> 
     </span>
     <span class='ocr_line' id='line_1_19' title="bbox 246 2097 1003 2178; baseline -0.009 -21"><span class='ocrx_word' id='word_1_121' title='bbox 246 2100 296 2158; x_wconf 87' lang='lat' dir='ltr'>iiie</span> <span class='ocrx_word' id='word_1_122' title='bbox 322 2100 459 2178; x_wconf 87' lang='lat' dir='ltr'>psalmus.</span> <span class='ocrx_word' id='word_1_123' title='bbox 494 2101 564 2160; x_wconf 83' lang='lat' dir='ltr'>Cum</span> <span class='ocrx_word' id='word_1_124' title='bbox 590 2097 763 2170; x_wconf 77' lang='lat' dir='ltr'>invocarem,</span> <span class='ocrx_word' id='word_1_125' title='bbox 792 2099 936 2154; x_wconf 75' lang='lat' dir='ltr'>exaudivit</span> <span class='ocrx_word' id='word_1_126' title='bbox 958 2114 1003 2150; x_wconf 87' lang='lat' dir='ltr'>me</span> 
     </span>
    </p>
   </div>
   <div class='ocr_carea' id='block_1_4' title="bbox 141 2187 1002 2274">
    <p class='ocr_par' dir='ltr' id='par_1_4' title="bbox 141 2187 1002 2274">
     <span class='ocr_line' id='line_1_20' title="bbox 141 2187 1002 2274; baseline -0.009 -27"><span class='ocrx_word' id='word_1_127' title='bbox 141 2209 146 2217; x_wconf 65' lang='lat'><strong>¹</strong></span> <span class='ocrx_word' id='word_1_128' title='bbox 244 2193 322 2246; x_wconf 84' lang='lat' dir='ltr'>Deus</span> <span class='ocrx_word' id='word_1_129' title='bbox 338 2195 462 2274; x_wconf 72' lang='lat' dir='ltr'>justitiae</span> <span class='ocrx_word' id='word_1_130' title='bbox 488 2209 561 2248; x_wconf 83' lang='lat' dir='ltr'>meoe</span> <span class='ocrx_word' id='word_1_131' title='bbox 573 2213 584 2260; x_wconf 89' lang='lat'>,·</span> <span class='ocrx_word' id='word_1_132' title='bbox 614 2199 645 2247; x_wconf 80' lang='lat' dir='ltr'>in</span> <span class='ocrx_word' id='word_1_133' title='bbox 672 2188 853 2248; x_wconf 78' lang='lat' dir='ltr'>tribulatione</span> <span class='ocrx_word' id='word_1_134' title='bbox 876 2187 1002 2241; x_wconf 75' lang='lat' dir='ltr'>dilatasti</span> 
     </span>
    </p>
   </div>
   <div class='ocr_carea' id='block_1_5' title="bbox 184 2277 1060 3249">
    <p class='ocr_par' dir='ltr' id='par_1_5' title="bbox 184 2277 1060 3249">
     <span class='ocr_line' id='line_1_21' title="bbox 246 2277 1004 2350; baseline -0.004 -17"><span class='ocrx_word' id='word_1_135' title='bbox 246 2279 326 2334; x_wconf 81' lang='lat' dir='ltr'>milti.</span> <span class='ocrx_word' id='word_1_136' title='bbox 340 2280 479 2336; x_wconf 79' lang='lat' dir='ltr'>Miserere</span> <span class='ocrx_word' id='word_1_137' title='bbox 491 2285 562 2350; x_wconf 82' lang='lat' dir='ltr'>mei,</span> <span class='ocrx_word' id='word_1_138' title='bbox 578 2283 713 2349; x_wconf 79' lang='lat' dir='ltr'>Domine,</span> <span class='ocrx_word' id='word_1_139' title='bbox 732 2291 762 2335; x_wconf 87' lang='lat' dir='ltr'>et</span> <span class='ocrx_word' id='word_1_140' title='bbox 774 2277 883 2335; x_wconf 75' lang='lat' dir='ltr'>exaudi</span> <span class='ocrx_word' id='word_1_141' title='bbox 898 2277 1004 2332; x_wconf 79' lang='lat' dir='ltr'>emtio-</span> 
     </span>
     <span class='ocr_line' id='line_1_22' title="bbox 247 2368 1002 2446; baseline -0.003 -24"><span class='ocrx_word' id='word_1_142' title='bbox 247 2387 310 2423; x_wconf 83' lang='lat' dir='ltr'>nem</span> <span class='ocrx_word' id='word_1_143' title='bbox 339 2386 441 2425; x_wconf 82' lang='lat' dir='ltr'>meam.</span> <span class='ocrx_word' id='word_1_144' title='bbox 470 2368 628 2440; x_wconf 79' lang='lat' dir='ltr'>Audirent,</span> <span class='ocrx_word' id='word_1_145' title='bbox 653 2370 804 2446; x_wconf 83' lang='lat' dir='ltr'>ignorante</span> <span class='ocrx_word' id='word_1_146' title='bbox 828 2385 876 2422; x_wconf 88' lang='lat' dir='ltr'>me</span> <span class='ocrx_word' id='word_1_147' title='bbox 902 2375 1002 2422; x_wconf 86' lang='lat' dir='ltr'>utrum</span> 
     </span>
     <span class='ocr_line' id='line_1_23' title="bbox 248 2455 1005 2544; baseline -0.003 -32"><span class='ocrx_word' id='word_1_148' title='bbox 248 2455 397 2544; x_wconf 85' lang='lat' dir='ltr'>audirent,</span> <span class='ocrx_word' id='word_1_149' title='bbox 422 2477 459 2516; x_wconf 91' lang='lat' dir='ltr'>ne</span> <span class='ocrx_word' id='word_1_150' title='bbox 479 2477 526 2516; x_wconf 89' lang='lat' dir='ltr'>me</span> <span class='ocrx_word' id='word_1_151' title='bbox 545 2459 666 2537; x_wconf 83' lang='lat' dir='ltr'>propter</span> <span class='ocrx_word' id='word_1_152' title='bbox 684 2477 716 2530; x_wconf 85' lang='lat' dir='ltr'>se</span> <span class='ocrx_word' id='word_1_153' title='bbox 735 2457 786 2517; x_wconf 89' lang='lat' dir='ltr'>iiia</span> <span class='ocrx_word' id='word_1_154' title='bbox 801 2455 898 2514; x_wconf 84' lang='lat' dir='ltr'>dicere</span> <span class='ocrx_word' id='word_1_155' title='bbox 915 2464 1005 2531; x_wconf 87' lang='lat' dir='ltr'>puta-</span> 
     </span>
     <span class='ocr_line' id='line_1_24' title="bbox 248 2543 1060 2621; baseline -0.005 -19"><span class='ocrx_word' id='word_1_156' title='bbox 248 2556 329 2614; x_wconf 87' lang='lat' dir='ltr'>rent,</span> <span class='ocrx_word' id='word_1_157' title='bbox 353 2564 419 2621; x_wconf 84' lang='lat' dir='ltr'>quae</span> <span class='ocrx_word' id='word_1_158' title='bbox 437 2546 513 2604; x_wconf 90' lang='lat' dir='ltr'>inter</span> <span class='ocrx_word' id='word_1_159' title='bbox 531 2547 594 2604; x_wconf 81' lang='lat' dir='ltr'>baec</span> <span class='ocrx_word' id='word_1_160' title='bbox 613 2547 704 2605; x_wconf 89' lang='lat' dir='ltr'>verba</span> <span class='ocrx_word' id='word_1_161' title='bbox 721 2545 856 2604; x_wconf 64' lang='lat' dir='ltr'>dixerims</span> <span class='ocrx_word' id='word_1_162' title='bbox 882 2543 957 2618; x_wconf 85' lang='lat' dir='ltr'>Quia</span> <span class='ocrx_word' id='word_1_163' title='bbox 977 2553 1007 2600; x_wconf 89' lang='lat' dir='ltr'>et</span> <span class='ocrx_word' id='word_1_164' title='bbox 1057 2607 1060 2614; x_wconf 34' lang='lat'><strong><em>¹</em></strong></span> 
     </span>
     <span class='ocr_line' id='line_1_25' title="bbox 249 2633 1006 2710; baseline -0.004 -16"><span class='ocrx_word' id='word_1_165' title='bbox 249 2655 352 2695; x_wconf 86' lang='lat' dir='ltr'>revera</span> <span class='ocrx_word' id='word_1_166' title='bbox 365 2657 419 2696; x_wconf 91' lang='lat' dir='ltr'>nec</span> <span class='ocrx_word' id='word_1_167' title='bbox 436 2657 470 2696; x_wconf 87' lang='lat' dir='ltr'>ea</span> <span class='ocrx_word' id='word_1_168' title='bbox 484 2638 625 2710; x_wconf 88' lang='lat' dir='ltr'>dicerem,</span> <span class='ocrx_word' id='word_1_169' title='bbox 647 2657 700 2698; x_wconf 89' lang='lat' dir='ltr'>nec</span> <span class='ocrx_word' id='word_1_170' title='bbox 714 2639 757 2696; x_wconf 89' lang='lat' dir='ltr'>sio</span> <span class='ocrx_word' id='word_1_171' title='bbox 770 2657 804 2695; x_wconf 89' lang='lat' dir='ltr'>ea</span> <span class='ocrx_word' id='word_1_172' title='bbox 817 2636 959 2706; x_wconf 84' lang='lat' dir='ltr'>dicerem,</span> <span class='ocrx_word' id='word_1_173' title='bbox 981 2633 1006 2691; x_wconf 83' lang='lat' dir='ltr'>si</span> 
     </span>
     <span class='ocr_line' id='line_1_26' title="bbox 250 2723 1008 2806; baseline -0.003 -21"><span class='ocrx_word' id='word_1_174' title='bbox 250 2747 297 2786; x_wconf 92' lang='lat' dir='ltr'>me</span> <span class='ocrx_word' id='word_1_175' title='bbox 317 2728 354 2786; x_wconf 92' lang='lat' dir='ltr'>ab</span> <span class='ocrx_word' id='word_1_176' title='bbox 371 2729 411 2787; x_wconf 89' lang='lat' dir='ltr'>eis</span> <span class='ocrx_word' id='word_1_177' title='bbox 429 2729 524 2787; x_wconf 87' lang='lat' dir='ltr'>audiri</span> <span class='ocrx_word' id='word_1_178' title='bbox 542 2727 695 2806; x_wconf 87' lang='lat' dir='ltr'>viderique</span> <span class='ocrx_word' id='word_1_179' title='bbox 713 2727 851 2786; x_wconf 75' lang='lat' dir='ltr'>sentirem</span> <span class='ocrx_word' id='word_1_180' title='bbox 870 2745 877 2782; x_wconf 78' lang='lat' dir='ltr'>a</span> <span class='ocrx_word' id='word_1_181' title='bbox 897 2741 965 2797; x_wconf 88' lang='lat' dir='ltr'>neo,</span> <span class='ocrx_word' id='word_1_182' title='bbox 983 2723 1008 2783; x_wconf 78' lang='lat' dir='ltr'>ti</span> 
     </span>
     <span class='ocr_line' id='line_1_27' title="bbox 251 2810 1010 2898; baseline -0.001 -24"><span class='ocrx_word' id='word_1_183' title='bbox 251 2817 394 2888; x_wconf 88' lang='lat' dir='ltr'>dicerem,</span> <span class='ocrx_word' id='word_1_184' title='bbox 418 2810 459 2877; x_wconf 82' lang='lat' dir='ltr'>sic</span> <span class='ocrx_word' id='word_1_185' title='bbox 483 2820 650 2898; x_wconf 87' lang='lat' dir='ltr'>acciperent</span> <span class='ocrx_word' id='word_1_186' title='bbox 670 2817 820 2896; x_wconf 87' lang='lat' dir='ltr'>quomodo</span> <span class='ocrx_word' id='word_1_187' title='bbox 843 2835 959 2875; x_wconf 86' lang='lat' dir='ltr'>mecum</span> <span class='ocrx_word' id='word_1_188' title='bbox 980 2826 1010 2874; x_wconf 88' lang='lat' dir='ltr'>et</span> 
     </span>
     <span class='ocr_line' id='line_1_28' title="bbox 252 2906 984 2969; baseline -0.001 -5"><span class='ocrx_word' id='word_1_189' title='bbox 252 2908 323 2965; x_wconf 90' lang='lat' dir='ltr'>mihi</span> <span class='ocrx_word' id='word_1_190' title='bbox 337 2929 435 2966; x_wconf 88' lang='lat' dir='ltr'>coram</span> <span class='ocrx_word' id='word_1_191' title='bbox 451 2906 530 2968; x_wconf 80' lang='lat' dir='ltr'>te&#39;de</span> <span class='ocrx_word' id='word_1_192' title='bbox 544 2910 679 2969; x_wconf 79' lang='lat' dir='ltr'>familiari</span> <span class='ocrx_word' id='word_1_193' title='bbox 692 2909 799 2968; x_wconf 78' lang='lat' dir='ltr'>affectu</span> <span class='ocrx_word' id='word_1_194' title='bbox 813 2906 903 2966; x_wconf 85' lang='lat' dir='ltr'>animi</span> <span class='ocrx_word' id='word_1_195' title='bbox 917 2906 984 2964; x_wconf 89' lang='lat' dir='ltr'>mei.</span> 
     </span>
     <span class='ocr_line' id='line_1_29' title="bbox 292 2995 1010 3076; baseline -0.003 -21"><span class='ocrx_word' id='word_1_196' title='bbox 292 2998 320 3054; x_wconf 89' lang='grc'>9.</span> <span class='ocrx_word' id='word_1_197' title='bbox 345 2998 481 3058; x_wconf 85' lang='lat' dir='ltr'>Inhorrui</span> <span class='ocrx_word' id='word_1_198' title='bbox 510 3001 655 3071; x_wconf 88' lang='lat' dir='ltr'>timendo,</span> <span class='ocrx_word' id='word_1_199' title='bbox 686 2998 857 3076; x_wconf 86' lang='lat' dir='ltr'>ibidemque</span> <span class='ocrx_word' id='word_1_200' title='bbox 881 2995 1010 3055; x_wconf 80' lang='lat' dir='ltr'>inferbui</span> 
     </span>
     <span class='ocr_line' id='line_1_30' title="bbox 184 3083 1010 3164; baseline 0.002 -23"><span class='ocrx_word' id='word_1_201' title='bbox 184 3135 187 3140; x_wconf 93' lang='lat'>.</span> <span class='ocrx_word' id='word_1_202' title='bbox 253 3089 396 3164; x_wconf 87' lang='lat' dir='ltr'>sperando</span> <span class='ocrx_word' id='word_1_203' title='bbox 422 3101 451 3148; x_wconf 89' lang='lat' dir='ltr'>et</span> <span class='ocrx_word' id='word_1_204' title='bbox 478 3089 651 3148; x_wconf 88' lang='lat' dir='ltr'>exsultando</span> <span class='ocrx_word' id='word_1_205' title='bbox 674 3087 706 3146; x_wconf 90' lang='lat' dir='ltr'>in</span> <span class='ocrx_word' id='word_1_206' title='bbox 729 3101 779 3147; x_wconf 88' lang='lat' dir='ltr'>tua</span> <span class='ocrx_word' id='word_1_207' title='bbox 802 3083 1010 3156; x_wconf 86' lang='lat' dir='ltr'>misericordia,</span> 
     </span>
     <span class='ocr_line' id='line_1_31' title="bbox 253 3177 1011 3249; baseline -0.003 -16"><span class='ocrx_word' id='word_1_208' title='bbox 253 3179 345 3236; x_wconf 84' lang='lat' dir='ltr'>Pater.</span> <span class='ocrx_word' id='word_1_209' title='bbox 371 3181 407 3236; x_wconf 85' lang='lat' dir='ltr'>Et</span> <span class='ocrx_word' id='word_1_210' title='bbox 421 3177 483 3236; x_wconf 81' lang='lat' dir='ltr'>haec</span> <span class='ocrx_word' id='word_1_211' title='bbox 497 3178 593 3238; x_wconf 88' lang='lat' dir='ltr'>omnia</span> <span class='ocrx_word' id='word_1_212' title='bbox 614 3178 732 3238; x_wconf 82' lang='lat' dir='ltr'>exibant</span> <span class='ocrx_word' id='word_1_213' title='bbox 746 3197 801 3249; x_wconf 81' lang='lat' dir='ltr'>per</span> <span class='ocrx_word' id='word_1_214' title='bbox 813 3179 914 3238; x_wconf 84' lang='lat' dir='ltr'>oculos</span> <span class='ocrx_word' id='word_1_215' title='bbox 931 3191 1011 3234; x_wconf 89' lang='lat' dir='ltr'>meos</span> 
     </span>
    </p>
   </div>
   <div class='ocr_carea' id='block_1_6' title="bbox 0 0 1209 4018">
    <p class='ocr_par' dir='ltr' id='par_1_6' title="bbox 0 0 1209 4018">
     <span class='ocr_line' id='line_1_32' title="bbox 0 0 1209 4018; baseline 0 0"><span class='ocrx_word' id='word_1_216' title='bbox 0 0 1209 4018; x_wconf 95' lang='lat' dir='ltr'> </span> 
     </span>
    </p>
   </div>
  </div>
 </body>
</html>
