2352 4094
328 444 578 512 comessorum
596 445 693 526 nmen
712 447 781 495 nm.
881 445 931 494 aaa

166 549 248 610 tebet
268 549 398 608 siceum
418 548 580 622 insinuari,
602 562 635 608 nt
656 548 803 607 diceretur
826 567 932 626 super-

165 641 238 701 ferri
245 664 255 714 ¹;
273 653 302 700 et
317 661 377 698 non
397 651 498 718 posset
515 639 571 698 boc
592 640 670 712 dici,
682 641 737 698 nisi
756 640 838 717 prius
858 639 932 697 illud
993 659 996 666 ’

166 742 451 791 commemoraretur
470 728 518 786 cui
540 729 701 807 superferri
717 729 847 807 Spiritus
866 741 932 788 t'uus

167 835 267 899 posset
285 821 429 900 intelligi?
449 823 509 877 Nec
524 821 603 878 Patri
621 821 702 879 enim
720 841 781 890 nec„
790 822 864 878 Filio
884 841 933 879 su-

167 911 388 988 perferebamr3
399 931 453 969 nee
466 911 626 988 superferri
639 925 721 970 recte
736 912 891 984 diceretur,
906 912 930 971 si
1015 992 1017 997 Ι

168 1003 241 1060 nulli
257 1003 307 1061 ¹rei
330 1003 554 1080 superferretur..
575 1003 660 1062 Prius
680 1023 749 1082 ergo
771 1003 929 1083 dicendum

168 1104 232 1150 erat
255 1093 303 1150 eui
331 1093 562 1171 superferretur,
585 1107 614 1152 et
636 1094 743 1152 deinde
768 1095 818 1154 ille
842 1115 930 1172 quem

169 1201 227 1240 non
241 1181 396 1266 oportebat
410 1185 493 1242 aliter
512 1185 752 1272 cpmmcmorari,
763 1185 819 1243 nisi
833 1198 866 1243 ut
882 1207 928 1244 su-

166 1273 293 1350 perferri
315 1275 471 1340 diceretur.
496 1277 555 1334 Cur
575 1295 644 1355 ergo
663 1276 752 1335 'aliter
773 1297 841 1334 eum
861 1277 930 1336 insi-

167 1365 252 1423 nuari
272 1385 330 1425 non
346 1365 520 1446 oportebat,
534 1367 589 1426 nisi
612 1380 645 1432 ut
660 1369 827 1446 'superferri
846 1369 929 1426 dice-

164 1460 268 1516 retur?

430 1585 564 1654 carur
585 1589 659 1654 vn.
680 1572 682 1576 ‘

380 1763 486 1818 Effectus
505 1727 608 1832 Spiritus
627 1754 713 1836 sancti.

206 1937 234 1994 8.
252 1940 317 1994 J'am
339 1935 407 1994 hinc
432 1949 573 2021 sequetur
589 1937 641 2016 qui
659 1950 757 2015 potest
777 1936 927 1997 intellectu

53 2012 59 2034 ³
107 2099 109 2104 ,
166 2028 338 2106 Apostolum
361 2039 443 2086 tuum
462 2027 621 2101 dicentem,
641 2031 711 2106 quia
731 2031 855 2088 charitas
874 2043 927 2090 tua
999 2051 1040 2064 *·

166 2115 275 2194 dffsusa
288 2131 330 2175 est
344 2125 374 2175 in
390 2118 520 2176 cordibus
534 2127 640 2177 ¹uostris
646 2139 706 2197 per
715 2123 848 2196 Spiritum
858 2141 928 2178 sarr*

165 2221 250 2281 ctum,
264 2217 314 2285 qui
327 2212 410 2266 datus
428 2223 475 2267 cst
486 2209 567 2268 nobis
583 2219 607 2282 ¹3
623 2223 652 2269 et
670 2211 707 2270 de
726 2211 927 2290 spiritualibus

166 2299 318 2359 docentem
341 2313 371 2358 et
393 2300 639 2360 demonstrantem
663 2304 926 2382 supereminentem

163 2391 241 2450 viam
252 2392 417 2474 charitatis,
436 2393 643 2452 etflectentem
658 2394 752 2473 genua
765 2407 821 2474 pro
834 2395 925 2455 ‘nobis

164 2481 202 2538 ad
217 2493 261 2551 te,
275 2495 308 2538 ut
326 2503 533 2560 cognoscamus
549 2487 813 2563 supereminentem
828 2489 925 2544 scicn-

164 2572 233 2627 tiam
245 2571 393 2629 charitatis
402 2574 537 2632 Christi'2.
547 2575 677 2650 Ideoque
688 2572 725 2631 ab
734 2575 816 2634 initio
826 2597 925 2654 super-

165 2659 292 2717 eminens
312 2661 551 2736 superferebatur
571 2682 660 2739 super
683 2682 782 2738 aquas.
802 2665 854 2722 Cui
876 2664 924 2728 di-

165 2751 246 2806 cam?
263 2749 411 2826 quomodo
431 2749 526 2806 dicam
550 2750 586 2806 de
606 2751 736 2827 pondere
758 2754 924 2830 cupiditatis

164 2839 192 2895 in
208 2835 362 2917 abruptam
377 2838 528 2916 abyssum,
547 2853 576 2897 et
592 2840 628 2898 de
642 2836 841 2903 sublevatione
854 2848 923 2905 cha·

164 2930 257 2988 ritatis
271 2950 325 3008 per
342 2931 481 3008 Spiritum
500 2943 598 3002 tuum,
612 2932 663 3009 qui
683 2935 922 3012 superferebatur

163 3039 256 3098 super·
273 3023 385 3098 aquas?
410 3021 463 3080 Cui
486 3021 604 3080 dicam?
626 3024 774 3102 quomodo
801 3028 920 3088 dicem:

198 3193 291 3241 ¹Rom.
302 3206 325 3249 v,
337 3196 358 3240 5.
369 3218 404 3229 -
415 3200 426 3226 ²
437 3190 526 3258 Epher.
539 3209 580 3251 nr,
595 3194 681 3244 tt-ts.

781 3291 812 3335 37
