2356 4018
294 463 547 514 courrssmuuu
563 465 660 514 amun
676 429 757 514 vm.¹
846 465 899 540 ace
991 473 994 480 ¹

128 577 163 624 et
175 564 288 622 decore
304 563 413 620 domus-
423 574 481 620 tuae
492 581 580 639 quam
597 563 685 622 dilexi
697 573 722 636 ¹3
736 562 788 621 sed
799 561 896 624 adhue

128 653 280 728 tenaciter
295 649 456 730 colligabar
469 671 506 710 ex
520 651 627 712 femina
641 674 654 710 ε.
664 673 718 712 uec
731 673 778 712 me
794 653 899 733 prohi-

126 743 228 805 bebat
243 745 401 822 Apostolus
422 730 592 822 conjugari,
609 745 742 822 quamvis
756 745 897 806 exhorta-

128 845 221 895 retur
235 833 273 904 ad
287 832 407 902 melius,
423 832 548 890 maxime
565 833 667 894 voleus
686 853 785 892 omues
802 835 899 894 homi-

129 943 188 982 nes
207 923 250 981 sic
277 943 340 993 esse
363 935 397 981 ut
416 923 478 1001 ipse
495 934 559 982 erat
572 931 594 980 ³.
612 922 669 982 Sed
686 941 739 1002 ego
756 923 898 984 infirmior

131 1009 283 1090 eligebam
303 1013 466 1070 molliorem
488 1012 587 1070 locum
609 1033 616 1069 ι
637 1023 672 1071 ’et
692 999 816 1091 propter
841 1011 898 1072 hoc

131 1125 231 1163 unum
246 1103 387 1163 volvebar
409 1103 441 1162 in
459 1103 571 1161 caeteris
586 1103 753 1180 languidus,
768 1117 797 1162 et
812 1103 897 1164 tabe-

133 1216 222 1255 scens
242 1195 320 1254 curis
334 1195 488 1269 marcidis,
503 1193 583 1273 quod
594 1195 608 1222 *
632 1209 661 1253 et
682 1196 717 1254 in
729 1195 792 1254 aliis
810 1195 901 1256 rebus

134 1305 212 1365 quas
228 1285 365 1344 nolebam
390 1286 466 1363 pati,
495 1305 656 1366 congruere
681 1285 806 1366 cogebar
830 1287 898 1348 vim

133 1373 302 1455 conjugali,
321 1375 369 1433 cui
384 1371 502 1433 deditus
510 1373 722 1455 obstringebar.
739 1376 897 1436 Audieram

133 1489 174 1528 ex
187 1487 240 1525 ore
251 1465 404 1537 Veritatis,
417 1486 479 1524 esse
492 1465 636 1544 spadones
648 1467 700 1544 qui
714 1466 823 1544 seipsos
833 1454 899 1527 abs-

134 1559 276 1618 ciderunt
292 1569 415 1637 propter
435 1577 556 1636 regnum
585 1559 741 1630 coelorum3
758 1556 823 1630 sed,
843 1562 900 1632 Qui

127 1664 242 1728 potest,
256 1649 360 1727 inquit,
372 1669 488 1726 cupere,
502 1657 599 1726 capiat
608 1649 631 1706 ³.
645 1650 718 1707 Vani
732 1661 799 1706 sunt
819 1661 897 1708 certe

134 1760 242 1799 omnes
255 1740 387 1799 homines
401 1739 509 1817 quibus
527 1761 586 1797 uon
599 1739 674 1797 inest
689 1739 744 1796 Dei
763 1739 898 1812 scientim

134 1849 195 1888 nec
207 1829 243 1887 de
255 1829 290 1888 iis
300 1849 365 1907 quae
380 1829 519 1888 videntur
533 1828 627 1900 bona,
642 1840 801 1906 potuerunt
815 1828 899 1887 iuve-

135 1919 204 1977 nire
218 1939 285 1978 eum
299 1919 351 1996 qui
367 1931 411 1977 est
421 1920 441 1976 ⁴.
457 1923 495 1977 At
508 1938 562 1997 ego
571 1917 632 1997 jam
643 1939 700 1978 non
713 1938 792 1978 eram
806 1917 836 1976 in
849 1919 899 1978 illa

136 2012 270 2070 vanitate
290 2031 298 2068 ι
319 2010 555 2069 transcenderam
574 2030 651 2082 eam3
670 2023 700 2069 et
715 2022 898 2070 contestante

137 2102 279 2160 universa
291 2114 426 2160 creatura
435 2113 500 2172 tua,
515 2102 684 2160 inveneram
695 2115 724 2160 te
738 2103 900 2162 creatorem

137 2206 287 2266 nostrum,
302 2205 332 2253 et
347 2192 476 2252 Verbum
491 2205 573 2251 tuum
590 2193 669 2272 apud
683 2205 712 2252 te
728 2199 838 2269 Deum,
857 2207 901 2254 te-

140 2303 269 2362 cumque
282 2304 349 2362 cum
363 2283 473 2360 Spiritu
484 2296 584 2342 sancto
593 2283 606 2310 *
617 2302 709 2342 unum
720 2289 831 2356 Deum,
847 2305 901 2365 per

140 2374 229 2452 quod'
238 2375 343 2433 creasti
358 2373 462 2432 omnia.
476 2377 527 2431 Est
544 2386 573 2432 et
586 2374 665 2432 aliud
686 2395 775 2454 genus
790 2375 899 2455 impio·

143 2482 208 2520 rum
215 2507 225 2536 ,
238 2465 290 2542 qui
303 2475 510 2542 cognoscentes
521 2467 632 2536 Deum,
644 2485 702 2522 uon
717 2465 792 2524 sicut
805 2471 900 2524 Deum

142 2552 395 2632 glorificaverunt,
422 2565 472 2611 aut
496 2555 601 2630 gratias
627 2565 757 2632 egerunt.
783 2557 818 2611 In
843 2555 900 2614 hoc

143 2663 261 2721 quoque
270 2644 445 2714 incideram;
456 2655 485 2701 et
497 2643 616 2700 dextera
628 2653 677 2700 tua
686 2643 812 2719 suscepit
825 2662 872 2701 me
880 2644 901 2715 ⁵,

142 2746 173 2792 et
185 2734 254 2792 i'ud'e
282 2733 411 2792 ablatum
432 2733 555 2811 posuisti
580 2731 633 2790 ubi
653 2732 901 2804 convalescerem,

143 2826 213 2902 quie
223 2823 327 2884 dixisti
335 2823 447 2884 homini
462 2845 469 2882 ε
483 2827 662 2898 Eccepletas
672 2823 863 2898 estsapr'entr'a
874 2821 900 2897 ⁶3

181 3024 269 3076 ¹Psal.
287 3039 344 3086 xxv,
363 3013 388 3074 a.
407 3051 443 3076 ,-
462 3031 473 3058 ¹
489 3027 502 3072 1
522 3025 579 3074 Cor.
598 3039 643 3072 vn.
658 3049 694 3061 --
713 3018 725 3058 ³
742 3024 831 3075 Matth.
846 3041 901 3086 xm,

146 3111 230 3159 12-
251 3104 336 3172 tsap.
355 3119 416 3165 xm,
437 3107 510 3156 1.,-
529 3101 540 3141 ⁵
558 3103 621 3157 rut
636 3121 700 3166 xvn,
719 3109 763 3158 36.
779 3102 899 3158 ·-⁶Job

143 3203 232 3248 xxmu,
253 3191 294 3237 28.

742 3269 772 3316 18
