<?xml version="1.0" encoding="UTF-8"?>
<!DOCTYPE html PUBLIC "-//W3C//DTD XHTML 1.0 Transitional//EN"
    "http://www.w3.org/TR/xhtml1/DTD/xhtml1-transitional.dtd">
<html xmlns="http://www.w3.org/1999/xhtml" xml:lang="en" lang="en">
 <head>
  <title>
</title>
<meta http-equiv="Content-Type" content="text/html;charset=utf-8" />
  <meta name='ocr-system' content='tesseract 3.04.00' />
  <meta name='ocr-capabilities' content='ocr_page ocr_carea ocr_par ocr_line ocrx_word'/>
</head>
<body>
  <div class='ocr_page' id='page_1' title='image "./confessionumlib00maugoog_0519.png"; bbox 0 0 2354 4034; ppageno 0'>
   <div class='ocr_carea' id='block_1_1' title="bbox 152 361 915 1293">
    <p class='ocr_par' dir='ltr' id='par_1_1' title="bbox 152 361 915 1293">
     <span class='ocr_line' id='line_1_1' title="bbox 484 361 913 414; baseline 0.009 -4"><span class='ocrx_word' id='word_1_1' title='bbox 484 361 595 411; x_wconf 74' lang='lat' dir='ltr'>INDEX.</span> <span class='ocrx_word' id='word_1_2' title='bbox 865 369 913 414; x_wconf 81' lang='lat'>527</span> 
     </span>
     <span class='ocr_line' id='line_1_2' title="bbox 155 451 915 568; baseline 0.009 -22"><span class='ocrx_word' id='word_1_3' title='bbox 155 502 213 547; x_wconf 84' lang='lat' dir='ltr'>vn.</span> <span class='ocrx_word' id='word_1_4' title='bbox 227 499 340 550; x_wconf 74' lang='lat' dir='ltr'>naaman</span> <span class='ocrx_word' id='word_1_5' title='bbox 356 498 544 556; x_wconf 67' lang='lat' dir='ltr'>mantuanorum</span> <span class='ocrx_word' id='word_1_6' title='bbox 558 499 663 552; x_wconf 80' lang='lat' dir='ltr'>absurda</span> <span class='ocrx_word' id='word_1_7' title='bbox 675 500 714 550; x_wconf 84' lang='lat' dir='ltr'>aui</span> <span class='ocrx_word' id='word_1_8' title='bbox 731 500 845 568; x_wconf 74' lang='lat' dir='ltr'>suifraga-</span> <span class='ocrx_word' id='word_1_9' title='bbox 865 451 915 504; x_wconf 72' lang='lat' dir='ltr'>mg.</span> 
     </span>
     <span class='ocr_line' id='line_1_3' title="bbox 189 577 915 635; baseline 0.007 -7"><span class='ocrx_word' id='word_1_10' title='bbox 189 577 270 630; x_wconf 88' lang='lat' dir='ltr'>batur.</span> <span class='ocrx_word' id='word_1_11' title='bbox 881 589 915 635; x_wconf 90' lang='grc'>70</span> 
     </span>
     <span class='ocr_line' id='line_1_4' title="bbox 154 659 844 731; baseline 0.012 -25"><span class='ocrx_word' id='word_1_12' title='bbox 154 662 225 707; x_wconf 81' lang='lat' dir='ltr'>vm.</span> <span class='ocrx_word' id='word_1_13' title='bbox 237 659 329 710; x_wconf 83' lang='lat' dir='ltr'>Contra</span> <span class='ocrx_word' id='word_1_14' title='bbox 342 660 490 712; x_wconf 70' lang='lat' dir='ltr'>Manichaei</span> <span class='ocrx_word' id='word_1_15' title='bbox 506 661 566 712; x_wconf 74' lang='lat' dir='ltr'>dicit</span> <span class='ocrx_word' id='word_1_16' title='bbox 578 679 633 728; x_wconf 72' lang='lat' dir='ltr'>qua</span> <span class='ocrx_word' id='word_1_17' title='bbox 643 661 734 728; x_wconf 73' lang='lat' dir='ltr'>flagitia</span> <span class='ocrx_word' id='word_1_18' title='bbox 749 679 844 731; x_wconf 77' lang='lat' dir='ltr'>semper</span> 
     </span>
     <span class='ocr_line' id='line_1_5' title="bbox 189 739 911 808; baseline 0.008 -19"><span class='ocrx_word' id='word_1_19' title='bbox 189 739 342 802; x_wconf 77' lang='lat' dir='ltr'>detestanda,</span> <span class='ocrx_word' id='word_1_20' title='bbox 355 759 409 808; x_wconf 77' lang='lat' dir='ltr'>qum</span> <span class='ocrx_word' id='word_1_21' title='bbox 424 742 540 798; x_wconf 77' lang='lat' dir='ltr'>incinunt.</span> <span class='ocrx_word' id='word_1_22' title='bbox 880 751 911 795; x_wconf 86' lang='grc'>73</span> 
     </span>
     <span class='ocr_line' id='line_1_6' title="bbox 153 819 891 890; baseline 0.012 -22"><span class='ocrx_word' id='word_1_23' title='bbox 153 823 199 870; x_wconf 82' lang='lat' dir='ltr'>IX.</span> <span class='ocrx_word' id='word_1_24' title='bbox 216 819 351 876; x_wconf 65' lang='lat' dir='ltr'>niarium</span> <span class='ocrx_word' id='word_1_25' title='bbox 364 821 429 874; x_wconf 85' lang='lat' dir='ltr'>iuter</span> <span class='ocrx_word' id='word_1_26' title='bbox 438 833 548 890; x_wconf 67' lang='lat' dir='ltr'>portata,</span> <span class='ocrx_word' id='word_1_27' title='bbox 557 831 583 874; x_wconf 84' lang='lat' dir='ltr'>et</span> <span class='ocrx_word' id='word_1_28' title='bbox 595 823 660 876; x_wconf 82' lang='lat' dir='ltr'>inter</span> <span class='ocrx_word' id='word_1_29' title='bbox 673 824 719 874; x_wconf 83' lang='lat' dir='ltr'>Dai</span> <span class='ocrx_word' id='word_1_30' title='bbox 724 823 843 890; x_wconf 73' lang='lat' dir='ltr'>judicium</span> <span class='ocrx_word' id='word_1_31' title='bbox 887 860 891 870; x_wconf 84' lang='lat'>·</span> 
     </span>
     <span class='ocr_line' id='line_1_7' title="bbox 189 901 912 976; baseline 0.004 -24"><span class='ocrx_word' id='word_1_32' title='bbox 189 912 213 952; x_wconf 79' lang='lat' dir='ltr'>at</span> <span class='ocrx_word' id='word_1_33' title='bbox 225 901 359 953; x_wconf 85' lang='lat' dir='ltr'>homiuum.</span> <span class='ocrx_word' id='word_1_34' title='bbox 792 964 793 976; x_wconf 13' lang='grc' dir='ltr'>ἵ</span> <span class='ocrx_word' id='word_1_35' title='bbox 880 910 912 955; x_wconf 80' lang='grc'>76</span> 
     </span>
     <span class='ocr_line' id='line_1_8' title="bbox 153 983 911 1049; baseline 0.007 -19"><span class='ocrx_word' id='word_1_36' title='bbox 153 986 188 1030; x_wconf 81' lang='lat' dir='ltr'>X.</span> <span class='ocrx_word' id='word_1_37' title='bbox 201 986 277 1049; x_wconf 76' lang='lat' dir='ltr'>Nuga</span> <span class='ocrx_word' id='word_1_38' title='bbox 289 983 480 1034; x_wconf 79' lang='lat' dir='ltr'>Manichaeorum</span> <span class='ocrx_word' id='word_1_39' title='bbox 495 984 525 1033; x_wconf 86' lang='lat' dir='ltr'>de</span> <span class='ocrx_word' id='word_1_40' title='bbox 545 994 616 1034; x_wconf 79' lang='lat' dir='ltr'>terrm</span> <span class='ocrx_word' id='word_1_41' title='bbox 627 984 752 1034; x_wconf 77' lang='lat' dir='ltr'>fructibus.</span> <span class='ocrx_word' id='word_1_42' title='bbox 807 1002 810 1009; x_wconf 68' lang='grc'><em>“</em></span> <span class='ocrx_word' id='word_1_43' title='bbox 881 991 911 1036; x_wconf 88' lang='grc'>77</span> 
     </span>
     <span class='ocr_line' id='line_1_9' title="bbox 152 1063 912 1116; baseline 0.005 -4"><span class='ocrx_word' id='word_1_44' title='bbox 152 1067 199 1112; x_wconf 79' lang='lat' dir='ltr'>XI.</span> <span class='ocrx_word' id='word_1_45' title='bbox 215 1063 327 1113; x_wconf 77' lang='lat' dir='ltr'>Planctus</span> <span class='ocrx_word' id='word_1_46' title='bbox 341 1073 367 1113; x_wconf 84' lang='lat' dir='ltr'>et</span> <span class='ocrx_word' id='word_1_47' title='bbox 378 1064 499 1114; x_wconf 87' lang='lat' dir='ltr'>somnium</span> <span class='ocrx_word' id='word_1_48' title='bbox 514 1065 599 1116; x_wconf 82' lang='lat' dir='ltr'>matris</span> <span class='ocrx_word' id='word_1_49' title='bbox 613 1065 644 1114; x_wconf 76' lang='lat' dir='ltr'>de</span> <span class='ocrx_word' id='word_1_50' title='bbox 659 1065 717 1115; x_wconf 84' lang='lat' dir='ltr'>filio.</span> <span class='ocrx_word' id='word_1_51' title='bbox 880 1071 912 1116; x_wconf 87' lang='lat'>78</span> 
     </span>
     <span class='ocr_line' id='line_1_10' title="bbox 152 1133 842 1212; baseline 0.007 -22"><span class='ocrx_word' id='word_1_52' title='bbox 152 1146 211 1194; x_wconf 78' lang='grc' dir='ltr'>ΧΠ.</span> <span class='ocrx_word' id='word_1_53' title='bbox 225 1145 303 1207; x_wconf 71' lang='lat' dir='ltr'>Quale</span> <span class='ocrx_word' id='word_1_54' title='bbox 318 1133 462 1210; x_wconf 82' lang='lat' dir='ltr'>respunsum</span> <span class='ocrx_word' id='word_1_55' title='bbox 479 1154 557 1196; x_wconf 87' lang='lat' dir='ltr'>mater</span> <span class='ocrx_word' id='word_1_56' title='bbox 576 1145 706 1211; x_wconf 76' lang='lat' dir='ltr'>Augustini</span> <span class='ocrx_word' id='word_1_57' title='bbox 724 1145 842 1212; x_wconf 81' lang='lat' dir='ltr'>accepita</span> 
     </span>
     <span class='ocr_line' id='line_1_11' title="bbox 188 1223 912 1293; baseline 0.004 -20"><span class='ocrx_word' id='word_1_58' title='bbox 188 1223 291 1288; x_wconf 83' lang='lat' dir='ltr'>quodam</span> <span class='ocrx_word' id='word_1_59' title='bbox 302 1225 414 1292; x_wconf 79' lang='lat' dir='ltr'>episcopa</span> <span class='ocrx_word' id='word_1_60' title='bbox 425 1225 456 1276; x_wconf 82' lang='lat' dir='ltr'>de</span> <span class='ocrx_word' id='word_1_61' title='bbox 476 1226 551 1293; x_wconf 79' lang='lat' dir='ltr'>ipsius</span> <span class='ocrx_word' id='word_1_62' title='bbox 570 1227 733 1278; x_wconf 70' lang='lat' dir='ltr'>conversione.</span> <span class='ocrx_word' id='word_1_63' title='bbox 878 1232 912 1276; x_wconf 82' lang='lat'>80</span> 
     </span>
    </p>
   </div>
   <div class='ocr_carea' id='block_1_2' title="bbox 371 1383 690 1456">
    <p class='ocr_par' dir='ltr' id='par_1_2' title="bbox 371 1383 690 1456">
     <span class='ocr_line' id='line_1_12' title="bbox 371 1383 690 1456; baseline 0 -19"><span class='ocrx_word' id='word_1_64' title='bbox 371 1383 483 1439; x_wconf 81' lang='lat' dir='ltr'>maan</span> <span class='ocrx_word' id='word_1_65' title='bbox 504 1383 690 1456; x_wconf 74' lang='lat' dir='ltr'>Quinum.</span> 
     </span>
    </p>
   </div>
   <div class='ocr_carea' id='block_1_3' title="bbox 147 1534 951 3135">
    <p class='ocr_par' dir='ltr' id='par_1_3' title="bbox 147 1534 951 3135">
     <span class='ocr_line' id='line_1_13' title="bbox 154 1534 911 1602; baseline -0.003 -16"><span class='ocrx_word' id='word_1_66' title='bbox 154 1538 211 1586; x_wconf 76' lang='lat' dir='ltr'>Car.</span> <span class='ocrx_word' id='word_1_67' title='bbox 224 1540 243 1585; x_wconf 90' lang='lat'>1.</span> <span class='ocrx_word' id='word_1_68' title='bbox 257 1537 379 1600; x_wconf 80' lang='lat' dir='ltr'><strong>Quamdiu</strong></span> <span class='ocrx_word' id='word_1_69' title='bbox 392 1545 417 1585; x_wconf 86' lang='lat' dir='ltr'>et</span> <span class='ocrx_word' id='word_1_70' title='bbox 428 1535 550 1602; x_wconf 88' lang='lat' dir='ltr'>quomodo</span> <span class='ocrx_word' id='word_1_71' title='bbox 564 1534 623 1586; x_wconf 84' lang='lat' dir='ltr'>alios</span> <span class='ocrx_word' id='word_1_72' title='bbox 638 1535 768 1586; x_wconf 81' lang='lat' dir='ltr'>seduxerit.</span> <span class='ocrx_word' id='word_1_73' title='bbox 879 1542 911 1586; x_wconf 83' lang='lat'>82</span> 
     </span>
     <span class='ocr_line' id='line_1_14' title="bbox 152 1615 841 1682; baseline -0.001 -17"><span class='ocrx_word' id='word_1_74' title='bbox 152 1621 184 1666; x_wconf 90' lang='lat'>11.</span> <span class='ocrx_word' id='word_1_75' title='bbox 197 1615 352 1666; x_wconf 77' lang='lat' dir='ltr'>Rhetoriram</span> <span class='ocrx_word' id='word_1_76' title='bbox 365 1617 443 1672; x_wconf 84' lang='lat' dir='ltr'>docet,</span> <span class='ocrx_word' id='word_1_77' title='bbox 454 1615 613 1666; x_wconf 81' lang='lat' dir='ltr'>concubinam</span> <span class='ocrx_word' id='word_1_78' title='bbox 626 1615 703 1676; x_wconf 82' lang='lat' dir='ltr'>iuvet,</span> <span class='ocrx_word' id='word_1_79' title='bbox 713 1623 737 1664; x_wconf 87' lang='lat' dir='ltr'>at</span> <span class='ocrx_word' id='word_1_80' title='bbox 749 1615 841 1682; x_wconf 84' lang='lat' dir='ltr'>aruspi-</span> 
     </span>
     <span class='ocr_line' id='line_1_15' title="bbox 187 1695 910 1764; baseline -0.003 -16"><span class='ocrx_word' id='word_1_81' title='bbox 187 1713 239 1748; x_wconf 81' lang='lat' dir='ltr'>cem</span> <span class='ocrx_word' id='word_1_82' title='bbox 248 1697 290 1762; x_wconf 90' lang='lat' dir='ltr'>qui</span> <span class='ocrx_word' id='word_1_83' title='bbox 297 1697 420 1748; x_wconf 83' lang='lat' dir='ltr'>victoriam</span> <span class='ocrx_word' id='word_1_84' title='bbox 432 1695 599 1764; x_wconf 86' lang='lat' dir='ltr'>promittebat,</span> <span class='ocrx_word' id='word_1_85' title='bbox 612 1695 754 1745; x_wconf 82' lang='lat' dir='ltr'>contemnit.</span> <span class='ocrx_word' id='word_1_86' title='bbox 878 1701 910 1746; x_wconf 84' lang='grc'>83</span> 
     </span>
     <span class='ocr_line' id='line_1_16' title="bbox 152 1775 841 1846; baseline -0.004 -20"><span class='ocrx_word' id='word_1_87' title='bbox 152 1783 196 1826; x_wconf 86' lang='grc' dir='ltr'>ΠΙ.</span> <span class='ocrx_word' id='word_1_88' title='bbox 212 1777 252 1828; x_wconf 80' lang='lat' dir='ltr'>Ab</span> <span class='ocrx_word' id='word_1_89' title='bbox 261 1778 402 1844; x_wconf 76' lang='lat' dir='ltr'>astrologia,</span> <span class='ocrx_word' id='word_1_90' title='bbox 411 1777 451 1827; x_wconf 83' lang='lat' dir='ltr'>cui</span> <span class='ocrx_word' id='word_1_91' title='bbox 465 1775 562 1827; x_wconf 83' lang='lat' dir='ltr'>deditus</span> <span class='ocrx_word' id='word_1_92' title='bbox 573 1786 638 1837; x_wconf 82' lang='lat' dir='ltr'>erat,</span> <span class='ocrx_word' id='word_1_93' title='bbox 647 1791 779 1846; x_wconf 80' lang='lat' dir='ltr'>persenam</span> <span class='ocrx_word' id='word_1_94' title='bbox 792 1791 841 1824; x_wconf 82' lang='lat' dir='ltr'>me-</span> 
     </span>
     <span class='ocr_line' id='line_1_17' title="bbox 187 1857 908 1924; baseline -0.006 -16"><span class='ocrx_word' id='word_1_95' title='bbox 187 1857 273 1908; x_wconf 69' lang='lat' dir='ltr'>dicius</span> <span class='ocrx_word' id='word_1_96' title='bbox 285 1867 309 1908; x_wconf 81' lang='lat' dir='ltr'>at</span> <span class='ocrx_word' id='word_1_97' title='bbox 320 1875 401 1908; x_wconf 85' lang='lat' dir='ltr'>rerum</span> <span class='ocrx_word' id='word_1_98' title='bbox 411 1857 517 1924; x_wconf 86' lang='lat' dir='ltr'>peritum</span> <span class='ocrx_word' id='word_1_99' title='bbox 529 1867 664 1908; x_wconf 77' lang='lat' dir='ltr'>revocatur.</span> <span class='ocrx_word' id='word_1_100' title='bbox 877 1862 908 1905; x_wconf 84' lang='lat'>85</span> 
     </span>
     <span class='ocr_line' id='line_1_18' title="bbox 151 1937 838 2005; baseline 0 -19"><span class='ocrx_word' id='word_1_101' title='bbox 151 1943 197 1988; x_wconf 80' lang='lat' dir='ltr'>tv.</span> <span class='ocrx_word' id='word_1_102' title='bbox 205 1937 319 1990; x_wconf 80' lang='lat' dir='ltr'>Morbum</span> <span class='ocrx_word' id='word_1_103' title='bbox 327 1947 351 1988; x_wconf 88' lang='lat' dir='ltr'>et</span> <span class='ocrx_word' id='word_1_104' title='bbox 360 1937 505 2005; x_wconf 82' lang='lat' dir='ltr'>baptismum</span> <span class='ocrx_word' id='word_1_105' title='bbox 512 1938 583 1990; x_wconf 83' lang='lat' dir='ltr'>amini</span> <span class='ocrx_word' id='word_1_106' title='bbox 590 1947 679 1998; x_wconf 88' lang='lat' dir='ltr'>narrat,</span> <span class='ocrx_word' id='word_1_107' title='bbox 689 1953 760 2004; x_wconf 82' lang='lat' dir='ltr'>quem</span> <span class='ocrx_word' id='word_1_108' title='bbox 767 1937 838 1988; x_wconf 83' lang='lat' dir='ltr'>etiam</span> 
     </span>
     <span class='ocr_line' id='line_1_19' title="bbox 188 2018 839 2084; baseline -0.005 -14"><span class='ocrx_word' id='word_1_109' title='bbox 188 2021 238 2070; x_wconf 88' lang='lat' dir='ltr'>suis</span> <span class='ocrx_word' id='word_1_110' title='bbox 249 2019 371 2069; x_wconf 76' lang='lat' dir='ltr'>asturibus</span> <span class='ocrx_word' id='word_1_111' title='bbox 390 2019 535 2078; x_wconf 59' lang='lat' dir='ltr'>involuerum</span> <span class='ocrx_word' id='word_1_112' title='bbox 551 2036 629 2084; x_wconf 84' lang='lat' dir='ltr'>enque</span> <span class='ocrx_word' id='word_1_113' title='bbox 645 2028 721 2068; x_wconf 82' lang='lat' dir='ltr'>morte</span> <span class='ocrx_word' id='word_1_114' title='bbox 732 2018 839 2076; x_wconf 83' lang='lat' dir='ltr'>sublato,</span> 
     </span>
     <span class='ocr_line' id='line_1_20' title="bbox 186 2099 837 2166; baseline 0 -16"><span class='ocrx_word' id='word_1_115' title='bbox 186 2101 253 2151; x_wconf 78' lang='lat' dir='ltr'>dolet</span> <span class='ocrx_word' id='word_1_116' title='bbox 269 2099 416 2166; x_wconf 82' lang='lat' dir='ltr'>gravissime.</span> <span class='ocrx_word' id='word_1_117' title='bbox 435 2099 557 2150; x_wconf 86' lang='lat' dir='ltr'>Mirabiiis</span> <span class='ocrx_word' id='word_1_118' title='bbox 571 2100 676 2150; x_wconf 78' lang='lat' dir='ltr'>efficacia</span> <span class='ocrx_word' id='word_1_119' title='bbox 696 2101 837 2150; x_wconf 78' lang='lat' dir='ltr'>sacramenti</span> 
     </span>
     <span class='ocr_line' id='line_1_21' title="bbox 185 2181 951 2249; baseline -0.007 -17"><span class='ocrx_word' id='word_1_120' title='bbox 185 2181 309 2249; x_wconf 86' lang='lat' dir='ltr'>Baptismi.</span> <span class='ocrx_word' id='word_1_121' title='bbox 876 2181 907 2228; x_wconf 80' lang='grc'>88</span> <span class='ocrx_word' id='word_1_122' title='bbox 949 2219 951 2226; x_wconf 32' lang='lat'><strong>⁴</strong></span> 
     </span>
     <span class='ocr_line' id='line_1_22' title="bbox 150 2258 909 2314; baseline -0.005 -2"><span class='ocrx_word' id='word_1_123' title='bbox 150 2269 182 2313; x_wconf 88' lang='lat' dir='ltr'>V.</span> <span class='ocrx_word' id='word_1_124' title='bbox 195 2266 245 2314; x_wconf 86' lang='lat' dir='ltr'>Cur</span> <span class='ocrx_word' id='word_1_125' title='bbox 260 2262 332 2311; x_wconf 86' lang='lat' dir='ltr'>fletus</span> <span class='ocrx_word' id='word_1_126' title='bbox 344 2260 421 2310; x_wconf 89' lang='lat' dir='ltr'>dulcis</span> <span class='ocrx_word' id='word_1_127' title='bbox 433 2258 535 2310; x_wconf 84' lang='lat' dir='ltr'>miseris.</span> <span class='ocrx_word' id='word_1_128' title='bbox 875 2264 909 2309; x_wconf 86' lang='grc'>90</span> 
     </span>
     <span class='ocr_line' id='line_1_23' title="bbox 149 2340 905 2407; baseline 0 -17"><span class='ocrx_word' id='word_1_129' title='bbox 149 2348 194 2394; x_wconf 82' lang='lat' dir='ltr'>Vl.</span> <span class='ocrx_word' id='word_1_130' title='bbox 209 2346 321 2407; x_wconf 83' lang='lat' dir='ltr'>Quantus</span> <span class='ocrx_word' id='word_1_131' title='bbox 335 2358 366 2390; x_wconf 84' lang='lat' dir='ltr'>ex</span> <span class='ocrx_word' id='word_1_132' title='bbox 382 2341 454 2392; x_wconf 86' lang='lat' dir='ltr'>amici</span> <span class='ocrx_word' id='word_1_133' title='bbox 472 2349 551 2390; x_wconf 83' lang='lat' dir='ltr'>morta</span> <span class='ocrx_word' id='word_1_134' title='bbox 568 2340 645 2390; x_wconf 86' lang='lat' dir='ltr'>dolor.</span> <span class='ocrx_word' id='word_1_135' title='bbox 876 2344 905 2390; x_wconf 82' lang='lat'>91</span> 
     </span>
     <span class='ocr_line' id='line_1_24' title="bbox 148 2415 909 2489; baseline -0.003 -17"><span class='ocrx_word' id='word_1_136' title='bbox 148 2422 375 2489; x_wconf 71' lang='lat' dir='ltr'>VILImuatientia</span> <span class='ocrx_word' id='word_1_137' title='bbox 394 2421 484 2471; x_wconf 84' lang='lat' dir='ltr'>doloris</span> <span class='ocrx_word' id='word_1_138' title='bbox 499 2417 681 2472; x_wconf 78' lang='lat' dir='ltr'>mutationum.</span> <span class='ocrx_word' id='word_1_139' title='bbox 820 2415 822 2426; x_wconf 87' lang='lat'>&#39;</span> <span class='ocrx_word' id='word_1_140' title='bbox 876 2423 909 2470; x_wconf 86' lang='grc'>93</span> 
     </span>
     <span class='ocr_line' id='line_1_25' title="bbox 147 2499 909 2570; baseline -0.009 -16"><span class='ocrx_word' id='word_1_141' title='bbox 147 2508 329 2570; x_wconf 80' lang='lat' dir='ltr'>VIII.Tempua</span> <span class='ocrx_word' id='word_1_142' title='bbox 338 2512 363 2553; x_wconf 80' lang='lat' dir='ltr'>et</span> <span class='ocrx_word' id='word_1_143' title='bbox 370 2504 502 2553; x_wconf 87' lang='lat' dir='ltr'>amicorum</span> <span class='ocrx_word' id='word_1_144' title='bbox 510 2503 628 2568; x_wconf 83' lang='lat' dir='ltr'>colloquia</span> <span class='ocrx_word' id='word_1_145' title='bbox 635 2499 710 2551; x_wconf 87' lang='lat' dir='ltr'>dolori</span> <span class='ocrx_word' id='word_1_146' title='bbox 719 2500 855 2549; x_wconf 85' lang='lat' dir='ltr'>medentur.</span> <span class='ocrx_word' id='word_1_147' title='bbox 876 2503 909 2548; x_wconf 82' lang='lat'>94</span> 
     </span>
     <span class='ocr_line' id='line_1_26' title="bbox 147 2581 908 2650; baseline -0.011 -14"><span class='ocrx_word' id='word_1_148' title='bbox 147 2589 194 2636; x_wconf 74' lang='lat' dir='ltr'>IX.</span> <span class='ocrx_word' id='word_1_149' title='bbox 207 2589 245 2634; x_wconf 81' lang='lat' dir='ltr'>Da</span> <span class='ocrx_word' id='word_1_150' title='bbox 256 2583 367 2634; x_wconf 86' lang='lat' dir='ltr'>bumana</span> <span class='ocrx_word' id='word_1_151' title='bbox 375 2583 487 2635; x_wconf 85' lang='lat' dir='ltr'>amicitia.</span> <span class='ocrx_word' id='word_1_152' title='bbox 498 2588 588 2634; x_wconf 82' lang='lat' dir='ltr'>Beatus</span> <span class='ocrx_word' id='word_1_153' title='bbox 596 2582 639 2650; x_wconf 90' lang='lat' dir='ltr'>qui</span> <span class='ocrx_word' id='word_1_154' title='bbox 648 2590 712 2631; x_wconf 87' lang='lat' dir='ltr'>amat</span> <span class='ocrx_word' id='word_1_155' title='bbox 721 2581 748 2632; x_wconf 88' lang='lat' dir='ltr'>in</span> <span class='ocrx_word' id='word_1_156' title='bbox 755 2585 818 2630; x_wconf 82' lang='lat' dir='ltr'><strong>Deo.</strong></span> <span class='ocrx_word' id='word_1_157' title='bbox 875 2585 908 2628; x_wconf 84' lang='lat'>95</span> 
     </span>
     <span class='ocr_line' id='line_1_27' title="bbox 148 2660 939 2730; baseline -0.011 -14"><span class='ocrx_word' id='word_1_158' title='bbox 148 2671 180 2717; x_wconf 77' lang='lat' dir='ltr'>X.</span> <span class='ocrx_word' id='word_1_159' title='bbox 194 2665 289 2728; x_wconf 70' lang='lat' dir='ltr'>Labiias</span> <span class='ocrx_word' id='word_1_160' title='bbox 309 2673 437 2726; x_wconf 73' lang='lat' dir='ltr'>creatura,</span> <span class='ocrx_word' id='word_1_161' title='bbox 452 2682 497 2716; x_wconf 83' lang='lat' dir='ltr'>nec</span> <span class='ocrx_word' id='word_1_162' title='bbox 515 2663 589 2714; x_wconf 88' lang='lat' dir='ltr'>ineis</span> <span class='ocrx_word' id='word_1_163' title='bbox 608 2671 688 2730; x_wconf 84' lang='lat' dir='ltr'>potest</span> <span class='ocrx_word' id='word_1_164' title='bbox 706 2660 787 2711; x_wconf 88' lang='lat' dir='ltr'>anima</span> <span class='ocrx_word' id='word_1_165' title='bbox 800 2675 837 2708; x_wconf 84' lang='lat' dir='ltr'>re·</span> <span class='ocrx_word' id='word_1_166' title='bbox 926 2673 939 2686; x_wconf 64' lang='lat'>⁸</span> 
     </span>
     <span class='ocr_line' id='line_1_28' title="bbox 182 2741 907 2814; baseline -0.012 -17"><span class='ocrx_word' id='word_1_167' title='bbox 182 2747 315 2814; x_wconf 84' lang='lat' dir='ltr'>quiescere.</span> <span class='ocrx_word' id='word_1_168' title='bbox 581 2741 583 2750; x_wconf 90' lang='lat'>&#39;</span> <span class='ocrx_word' id='word_1_169' title='bbox 874 2745 907 2790; x_wconf 86' lang='grc'>96</span> 
     </span>
     <span class='ocr_line' id='line_1_29' title="bbox 147 2817 905 2890; baseline -0.008 -14"><span class='ocrx_word' id='word_1_170' title='bbox 147 2831 192 2877; x_wconf 78' lang='lat' dir='ltr'>xt.</span> <span class='ocrx_word' id='word_1_171' title='bbox 201 2826 290 2876; x_wconf 88' lang='lat' dir='ltr'>Omnia</span> <span class='ocrx_word' id='word_1_172' title='bbox 299 2835 377 2879; x_wconf 77' lang='lat' dir='ltr'>creata</span> <span class='ocrx_word' id='word_1_173' title='bbox 388 2834 445 2874; x_wconf 89' lang='lat' dir='ltr'>sunt</span> <span class='ocrx_word' id='word_1_174' title='bbox 455 2823 583 2876; x_wconf 82' lang='lat' dir='ltr'>instabilia.</span> <span class='ocrx_word' id='word_1_175' title='bbox 595 2823 664 2874; x_wconf 84' lang='lat' dir='ltr'>Solus</span> <span class='ocrx_word' id='word_1_176' title='bbox 675 2827 743 2874; x_wconf 86' lang='lat' dir='ltr'>Deus</span> <span class='ocrx_word' id='word_1_177' title='bbox 755 2817 853 2872; x_wconf 84' lang='lat' dir='ltr'>stabilis.</span> <span class='ocrx_word' id='word_1_178' title='bbox 862 2817 905 2890; x_wconf 63' lang='grc' dir='ltr'>ι97</span> 
     </span>
     <span class='ocr_line' id='line_1_30' title="bbox 149 2901 837 2973; baseline -0.01 -17"><span class='ocrx_word' id='word_1_179' title='bbox 149 2910 206 2956; x_wconf 81' lang='lat' dir='ltr'>xn.</span> <span class='ocrx_word' id='word_1_180' title='bbox 221 2911 298 2956; x_wconf 82' lang='lat' dir='ltr'>Amor</span> <span class='ocrx_word' id='word_1_181' title='bbox 309 2922 359 2956; x_wconf 89' lang='lat' dir='ltr'>non</span> <span class='ocrx_word' id='word_1_182' title='bbox 376 2905 537 2973; x_wconf 82' lang='lat' dir='ltr'>improbatur,</span> <span class='ocrx_word' id='word_1_183' title='bbox 549 2905 620 2956; x_wconf 86' lang='lat' dir='ltr'>modo</span> <span class='ocrx_word' id='word_1_184' title='bbox 634 2905 659 2954; x_wconf 90' lang='lat' dir='ltr'>in</span> <span class='ocrx_word' id='word_1_185' title='bbox 672 2901 711 2953; x_wconf 91' lang='lat' dir='ltr'>his</span> <span class='ocrx_word' id='word_1_186' title='bbox 725 2917 778 2968; x_wconf 82' lang='lat' dir='ltr'>quoe</span> <span class='ocrx_word' id='word_1_187' title='bbox 788 2901 837 2970; x_wconf 88' lang='lat' dir='ltr'>pia-</span> 
     </span>
     <span class='ocr_line' id='line_1_31' title="bbox 185 2991 479 3046; baseline -0.003 -11"><span class='ocrx_word' id='word_1_188' title='bbox 185 2996 255 3046; x_wconf 82' lang='lat' dir='ltr'>rent,</span> <span class='ocrx_word' id='word_1_189' title='bbox 270 3003 377 3036; x_wconf 87' lang='lat' dir='ltr'>amemus</span> <span class='ocrx_word' id='word_1_190' title='bbox 391 2991 479 3036; x_wconf 88' lang='lat' dir='ltr'>Deum.</span> 
     </span>
     <span class='ocr_line' id='line_1_32' title="bbox 149 3067 538 3135; baseline -0.005 -18"><span class='ocrx_word' id='word_1_191' title='bbox 149 3073 218 3118; x_wconf 78' lang='lat' dir='ltr'>xm.</span> <span class='ocrx_word' id='word_1_192' title='bbox 232 3074 307 3118; x_wconf 79' lang='lat' dir='ltr'>Amor</span> <span class='ocrx_word' id='word_1_193' title='bbox 324 3068 387 3118; x_wconf 87' lang='lat' dir='ltr'>unde</span> <span class='ocrx_word' id='word_1_194' title='bbox 404 3067 538 3135; x_wconf 83' lang='lat' dir='ltr'>proveniat.</span> 
     </span>
    </p>
   </div>
   <div class='ocr_carea' id='block_1_4' title="bbox 0 0 1182 4034">
    <p class='ocr_par' dir='ltr' id='par_1_4' title="bbox 0 0 1182 4034">
     <span class='ocr_line' id='line_1_33' title="bbox 0 0 1182 4034; baseline 0 3"><span class='ocrx_word' id='word_1_195' title='bbox 0 0 1182 4034; x_wconf 95' lang='lat' dir='ltr'> </span> 
     </span>
    </p>
   </div>
  </div>
 </body>
</html>
