2326 4020
261 466 293 512 26
445 463 470 510 S.
488 463 669 542 AUGUSTINI
688 464 834 543 unacort

536 633 669 694 CAPUT
690 633 730 694 Χ.
776 650 784 671 ‘

258 815 348 860 Amore
368 811 434 859 lusus
452 818 476 860 et
498 811 685 876 spectaculorum
703 820 817 862 avocatur
842 829 856 862 a
880 797 1013 867 litterarum

494 925 497 930 f
594 892 681 943 studio.

302 1059 345 1114 16.
361 1061 395 1113 Et
416 1068 512 1114 tamen
532 1055 704 1134 peccabam,
717 1059 842 1116 Domine
856 1065 949 1130 Deus,
963 1082 1012 1119 ur-

258 1148 373 1205 dinator
392 1158 420 1204 et
438 1159 552 1204 creator
567 1147 697 1214 omnium
711 1165 808 1207 rerum
823 1150 1012 1222 naturalium,

256 1251 441 1316 peccatorum
451 1249 547 1296 autem
558 1249 668 1298 tantum
676 1237 850 1298 ordinator*
866 1262 873 1296 ε
888 1243 1012 1300 Domine

256 1335 335 1387 Deus
357 1348 450 1398 meus,
473 1325 632 1405 peccabam
658 1327 792 1386 iaciendo
811 1343 913 1390 canna
936 1351 1012 1408 prae·

256 1433 340 1496 cepta
355 1430 506 1496 parentum
524 1430 553 1475 et
565 1419 770 1496 magistrorum
784 1419 910 1479 illorum.
923 1425 1011 1480 Pote—

256 1529 318 1568 ram
333 1509 408 1567 enirn
416 1521 516 1586 postea
526 1507 602 1568 bena
610 1508 652 1566 uti
661 1509 780 1582 litteris,
790 1529 863 1587 quas
874 1510 1012 1570 volebant

255 1614 288 1658 ut
313 1600 453 1658 discerem
469 1610 656 1678 quocumque
676 1601 774 1660 muno
793 1594 836 1660 illi
860 1602 926 1660 mei.
946 1605 1010 1660 Non

255 1692 331 1748 enim
358 1687 480 1748 meliora
503 1689 630 1766 eligens,
653 1689 823 1758 inobediens
845 1710 940 1762 eram,
959 1692 1010 1749 sed

255 1803 354 1840 amore
372 1779 510 1852 ludendi,
524 1779 622 1839 amans
635 1781 665 1840 in
682 1779 889 1842 certaminibus
903 1801 1009 1858 supar-

254 1870 306 1928 bas
319 1869 468 1940 victorias,
486 1880 514 1926 et
528 1868 619 1945 scalpi
631 1887 720 1928 aures
729 1887 807 1928 meas
822 1869 901 1930 falsis
918 1867 1011 1930 fabel-

253 1961 302 2031 lis,
315 1979 375 2036 quo
387 1958 536 2034 prurirent
550 1957 715 2029 ardentior,
730 1959 829 2020 eadem
845 1961 1010 2023 curiositate

254 2049 343 2128 magis
365 2048 514 2124 magisque
534 2065 587 2122 per
607 2047 707 2108 oculos
732 2049 872 2133 emicante
895 2051 924 2110 in
943 2070 1011 2128 spe-

254 2139 391 2198 ctacula*
411 2135 554 2213 ludosque
569 2134 730 2213 majorum
750 2158 823 2215 quos
842 2152 937 2204 manen
958 2142 1010 2218 qui

255 2230 359 2298 edunt,
377 2245 411 2284 ea
430 2225 570 2303 dignitate
587 2225 703 2304 praediti
719 2229 883 2302 excellunt,
903 2242 935 2287 ut
951 2229 1008 2288 hoc

253 2337 327 2397 pene
343 2336 442 2376 omnes
456 2328 558 2394 optent
573 2315 703 2393 parvulis
716 2317 775 2376 suis
793 2339 800 2376 ι
818 2337 893 2396 quos
912 2331 1009 2379 manen

255 2409 326 2469 caedi
343 2403 468 2467 libenter
486 2407 654 2486 patiuntur,
669 2408 695 2466 si
706 2409 882 2486 spectaculis
901 2409 1007 2472 talibus

253 2499 448 2579 impediantur
463 2519 480 2556 a
493 2497 608 2568 studio,
623 2516 683 2574 quo
698 2517 748 2560 eos
761 2498 799 2562 td
813 2499 881 2564 talia
895 2498 1007 2568 edenda
1035 2544 1039 2557 a

255 2590 376 2668 cupiunt
391 2588 552 2666 pervenire
569 2585 642 2648 Vide
658 2587 863 2659 israocmine
871 2631 880 2660 ‚
893 2589 1007 2650 miseri-

254 2679 396 2749 corditer,
409 2689 437 2736 et
450 2675 542 2734 libera
553 2695 606 2736 nos
612 2673 671 2752 jam
683 2675 851 2740 invocantes
859 2688 902 2749 te;
913 2676 1007 2736 libera

253 2775 339 2830 etiarn
351 2792 399 2830 ecs
413 2771 465 2848 qui
478 2768 608 2830 nondum
623 2781 651 2828 te
666 2769 815 2843 invocant,
826 2782 860 2828 ut
870 2768 1006 2836 invocent

254 2876 296 2934 te,
318 2875 345 2919 et
368 2860 474 2919 liberes
496 2880 552 2938 eos.
