2356 4018
262 477 310 523 rar
444 472 468 520 s.
487 468 668 542 aucnsrnu
686 447 829 516 rancori

198 631 207 644 ,
259 593 352 652 usque
365 571 402 630 ad
416 570 555 630 arborum
567 571 692 638 volatica
710 569 797 627 lolia?
811 579 842 624 tu
853 569 1018 645 procurasti

255 662 432 741 pervicaciae
455 681 542 732 mea,
564 680 624 738 qua
643 659 812 719 obluctatus
831 677 895 716 sum
911 657 1017 717 Vindi-
1064 721 1070 725 ,

260 753 344 812 ciano
366 763 452 818 acuto
470 752 546 820 seni,
562 763 592 808 et
604 749 745 809 Nebridio
768 749 943 808 adolescenti
959 749 1019 808 mi·

260 843 360 902 rabilis
371 844 473 902 animae
485 863 492 900 ε
506 842 549 900 illi
563 833 751 900 vehementer
765 841 938 915 affirmanti,
949 840 1020 900 hnic

262 952 329 992 cum
353 931 535 990 dubitatione
561 931 681 1008 quidem
707 931 817 1007 aliqua,
844 929 896 988 sed
923 941 1021 988 tamen

262 1019 367 1079 crebro
387 1020 510 1091 dicenti,
524 1041 584 1079 non
605 1040 667 1088 esse
686 1019 798 1078 ullam*
814 1030 905 1076 artem
921 1019 1021 1077 futura

261 1110 455 1189 praevidendi3
475 1108 658 1186 conjecturas
676 1121 774 1168 autem
795 1107 944 1166 hominum
963 1107 1020 1170 ha-

262 1201 333 1259 bere
356 1221 433 1278 saepe
457 1201 516 1258 vim
537 1200 638 1271 sortis,
653 1213 685 1258 et
704 1201 796 1258 multa
820 1197 943 1256 dicendo
961 1197 1021 1256 dici

263 1291 403 1367 pleraque
425 1301 562 1360 ventura,
586 1288 782 1368 nescientibus
804 1287 915 1364 eisqui
938 1285 1021 1344 dice-

263 1392 342 1452 rent,
367 1380 419 1438 sed
440 1379 472 1436 in
494 1399 529 1437 ee
548 1399 608 1437 non
631 1379 754 1436 tacendo
777 1376 994 1436 incurrentibus
1010 1399 1021 1433 a

264 1471 428 1549 procurasti
444 1489 514 1546 ergo
530 1481 563 1526 tu
576 1468 725 1526 hominem
740 1468 878 1539 amicum,
890 1487 949 1525 non
960 1466 1025 1545 qui-

265 1560 332 1619 dem
365 1578 481 1636 segnem
512 1559 708 1617 consultorem
732 1558 1023 1630 mathematicorum,
1086 1625 1089 1630 .

266 1669 320 1708 nec
342 1669 391 1708 eas
408 1649 518 1707 litteras
538 1647 613 1707 bene
635 1648 802 1719 callentem;
816 1649 884 1720 sed,
898 1661 931 1706 nt
948 1648 1023 1720 dixi,

267 1742 464 1800 consultorem
483 1741 644 1811 curiosum,
658 1752 688 1798 et
703 1727 804 1798 tamen¹
814 1740 953 1798 scientem
966 1741 1023 1798 ali-

266 1832 338 1908 quid
364 1832 444 1908 quod
468 1850 485 1889 a
508 1843 591 1908 patre
613 1849 666 1888 suo
689 1849 719 1888 se
747 1829 862 1888 audisse
890 1829 1024 1902 dicebat,

267 1921 349 1998 quod
365 1920 380 1946 *
395 1933 536 1997 quantum
551 1921 662 1978 valeret
675 1919 712 1976 ad
727 1919 806 1979 itlius
823 1922 892 1979 artis
909 1921 1026 1999 opinio-

268 2022 335 2070 netn
353 2010 541 2069 evertendam
555 2009 718 2088 ignorabat.
728 2013 757 2068 Is
771 2029 841 2088 ergo
852 2012 898 2069 vir
908 2012 1026 2071 nomine

267 2101 428 2173 Firminus,
438 2100 599 2159 liberaliter
611 2100 760 2158 institutus
776 2114 806 2160 et
817 2103 949 2172 excultus
963 2105 1026 2160 elo-

269 2192 354 2268 quio,
366 2209 434 2248 cum
449 2211 494 2248 me
516 2203 654 2266 tanquam
670 2191 884 2263 charissimum,
899 2191 935 2249 de
956 2191 1026 2269 qui-
1068 2230 1070 2234 -

268 2279 392 2338 busdam
406 2281 464 2337 suis
476 2279 580 2352 rebus,
596 2281 627 2338 in
641 2301 713 2358 quas
728 2282 873 2340 saecularis
887 2302 952 2360 spes
963 2282 1026 2361 ejus

270 2371 463 2442 intumuerat,
485 2372 649 2430 consuleret
676 2369 844 2449 quid'mihi
866 2374 1026 2434 secundum

268 2479 349 2531 suas,
361 2479 433 2536 quas
445 2461 676 2520 constellationes
690 2462 850 2539 appellant,
860 2463 1011 2523 videretur
1018 2488 1027 2537 3

270 2567 325 2626 ego
342 2560 456 2620 autem,
469 2550 521 2625 qui
530 2548 594 2626 jam
606 2551 643 2608 de
656 2552 712 2609 hac
726 2571 758 2608 re
769 2551 801 2609 in
811 2552 945 2612 Nebridii
960 2555 1027 2612 sen-

271 2637 390 2696 tentiam
404 2637 480 2696 flecti
493 2658 652 2717 coeperam,
666 2661 725 2698 non
735 2642 854 2718 quidem
868 2641 1026 2701 abnuerem

270 2727 417 2804 conjicere
433 2749 467 2786 ac
488 2729 586 2792 dicere
604 2731 684 2808 quod
702 2733 817 2790 nutanti
837 2733 1028 2807 occurrebat3

271 2817 322 2877 sed
347 2830 443 2877 tamen
467 2819 656 2898 subjicerem,
678 2841 771 2900 prope
790 2821 851 2900 jam
874 2844 937 2882 esse
956 2825 1028 2884 mihi

271 2923 441 2985 persuasum
456 2907 580 2968 ridicula
595 2930 657 2969 esse
670 2911 722 2986 illa
735 2925 764 2970 et
775 2911 889 2972 inania:
904 2926 967 2972 tum
978 2915 1029 2973 ille

272 2995 344 3054 milti
356 2998 487 3055 narravit
500 3011 613 3076 patrem
629 3020 714 3059 suum
724 3001 815 3060 misse
827 3002 972 3062 librorum
983 3016 1029 3062 ta·

272 3084 345 3144 lium
359 3086 603 3162 curiosissimum,
614 3103 643 3148 et
656 3088 793 3150 habuisse
808 3093 935 3155 amicum
946 3111 1029 3172 teque

272 3175 323 3234 illa
349 3175 492 3253 simulque
519 3189 691 3250 sectantem
716 3180 767 3256 qni
789 3181 853 3258 pari
876 3181 974 3240 studio
1000 3193 1031 3240 et
