2384 4052
317 429 566 482 GONFESSIONUM
582 431 677 482 LIBER
695 434 729 481 X.
849 436 898 482 309

143 527 235 601 dium,
246 529 349 606 utique
361 543 458 588 amant
473 532 558 589 etiam
572 533 725 591 veritatem
734 553 744 604 3
754 552 807 590 nec
822 551 900 590 ama-

144 633 209 679 rent
226 621 280 678 nisi
304 632 378 680 esset
398 622 495 698 aliqua
516 623 617 680 notitia
637 619 699 699 ejus'
718 623 748 680 in
762 623 900 681 memoria

143 731 253 770 eorum.
267 714 326 769 Cur
343 731 412 788 ergo
431 731 488 769 non
503 712 540 771 de
556 715 606 771 illa
619 707 764 790 gaudent?
779 733 831 771 cur
843 731 902 770 non

142 799 221 858 beati
233 801 399 875 suntiQuia
414 801 517 858 fortius
532 815 712 879 occupantur
726 803 756 859 in
763 801 826 860 aliis
836 821 901 879 quae

144 890 241 964 potius
264 909 312 946 eos
337 889 446 946 faciunt
462 891 596 962 miseros,
608 889 696 968 quarn
709 891 781 949 illud
801 889 901 949 beatos

144 979 224 1055 quod
249 979 374 1054 tenuiter
401 981 601 1039 meminerunt.
615 981 719 1038 Adhuc
741 980 816 1038 enirn
839 1000 903 1038 mo-

144 1068 243 1127 dicum
271 1071 370 1128 lumen
396 1083 439 1129 est
465 1071 496 1128 in
523 1070 709 1144 hominibus3
738 1070 901 1142 ambulent,

145 1158 308 1232 ambulent,
320 1181 356 1218 ne
368 1180 417 1218 eos
431 1160 556 1219 tenebrae
571 1159 816 1239 comprehendant
828 1171 847 1216 ¹.

185 1245 232 1306 34.
254 1251 311 1308 Cur
327 1262 424 1308 autern
439 1251 545 1309 veritas
569 1250 647 1328 parit
665 1250 778 1322 odium,
797 1259 825 1306 et
842 1248 900 1308 ini-

145 1338 237 1396 micus
252 1335 293 1396 eis
310 1337 402 1399 factus
418 1353 465 1398 estc
481 1341 570 1399 homo
591 1350 658 1399 tuus
671 1360 774 1400 verum
790 1339 901 1417 praedi-

146 1446 229 1502 cans,
244 1449 311 1488 cum
325 1439 440 1488 ametur
451 1429 536 1489 beata
548 1431 625 1504 vita,
637 1451 703 1508 quae
717 1451 775 1488 non
791 1444 834 1490 est
847 1429 902 1488 nisi

139 1520 283 1598 ‘gaudium
310 1519 346 1577 de
375 1520 523 1578 veritate:
545 1522 600 1578 nisi
625 1521 694 1598 quia
721 1521 762 1578 sic
790 1533 903 1578 amatur

145 1606 270 1681 veritas,
285 1622 319 1667 ut
332 1611 509 1687 quicumque
523 1609 602 1667 aliud
617 1619 729 1681 amant,
750 1609 807 1666 hoc
823 1608 902 1684 quod

147 1712 245 1758 amant
262 1701 351 1760 velint
372 1721 433 1760 esse
450 1701 617 1773 veritatem3
629 1713 659 1758 et
681 1699 749 1776 quia
763 1698 823 1756 salli
846 1717 901 1754 no-

147 1791 225 1863 lunt,
246 1792 348 1851 nolunt
366 1789 498 1850 convinci
520 1790 600 1867 quod
622 1791 685 1848 salsi
706 1790 780 1848 sint?
799 1793 902 1865 Itaque

146 1894 266 1959 propter
280 1901 343 1940 eam
358 1901 418 1940 rem
432 1881 555 1938 oderunt
567 1881 730 1952 veritatem,
743 1898 831 1956 quam
844 1899 901 1957 pro

146 1971 386 2030 veritateamant.
405 1975 509 2028 Amant
527 1991 590 2030 eam
608 1972 764 2042 lucentem,
777 1970 903 2028 oderunt

148 2082 211 2120 earn
229 2062 457 2139 redarguentem.
475 2052 550 2135 Quia
570 2058 646 2117 enirn
668 2059 727 2116 salli
748 2059 850 2117 nolunt
872 2071 902 2117 et

149 2152 248 2212 fallere
261 2154 375 2223 volunt,
390 2164 487 2209 amant
500 2171 563 2209 eam
579 2170 646 2208 curn
659 2169 690 2208 se
704 2149 767 2228 ipsa
779 2149 902 2222 indicat,
940 2195 943 2200 .

150 2255 179 2300 et
194 2243 318 2313 oderunt
331 2263 394 2300 earn
418 2262 485 2299 curn
507 2261 556 2300 eos
574 2241 653 2318 ipsos
672 2239 781 2298 indicat
793 2239 816 2295 *.
828 2231 901 2298 Inde

151 2331 292 2390 retribuet
306 2333 361 2402 eis,
377 2332 474 2408 utqui
491 2352 522 2390 se
542 2331 579 2390 ab
601 2351 634 2390 ea
655 2329 832 2389 manifestari
844 2349 901 2388 no-

151 2422 227 2492 lunt,
241 2434 270 2479 et
282 2441 331 2480 eos
344 2421 472 2479 nolentes
486 2421 660 2494 manifestet,
674 2433 703 2479 et
715 2420 757 2478 eis
770 2419 834 2497 ipsa
845 2439 903 2476 non

152 2511 189 2568 sit
201 2510 360 2569 manifesta.
377 2510 422 2570 Sic
439 2511 479 2568 sic
497 2511 597 2580 etiarn,
613 2511 655 2568 sic
672 2509 785 2567 animus
801 2508 905 2566 huma·

152 2618 219 2670 nus,
231 2601 316 2658 etiarn
329 2600 370 2658 sic
386 2620 478 2657 caecus
491 2612 518 2656 et
531 2598 696 2674 languidae,
710 2597 802 2673 turpis
818 2610 905 2674 atque

153 2689 287 2747 indecens
299 2691 389 2747 latere
403 2689 480 2759 vult3
491 2707 521 2744 se
536 2699 632 2744 autem
644 2699 677 2744 ut
695 2687 783 2742 lateat
794 2684 904 2759 aliquid

155 2797 213 2834 non
224 2780 297 2836 vult.
308 2784 413 2840 Contra
425 2776 608 2836 illiredditur
623 2787 656 2831 ut
664 2776 727 2851 ipse
744 2793 802 2830 non
817 2773 905 2830 lateat

155 2865 320 2939 veritatem,
333 2869 428 2946 ipsum
444 2878 540 2925 autem
559 2863 665 2922 veritas
686 2865 780 2920 lateat
797 2865 905 2921 'lamen

156 2954 242 3012 etiam
256 2956 297 3013 sic
309 2957 378 3015 dum
391 2958 478 3016 miser
493 2967 534 3016 est
544 2999 552 3031 ,
564 2953 641 3014 veris
660 2953 770 3012 mavult
780 2954 907 3030 gaudere

193 3159 394 3215 ¹Joau.xn‚35.
