2356 4018
268 549 316 598 les
452 545 476 595 S·
495 543 678 593 AUGUSTINI
695 545 837 596 EPISGOPI

264 662 341 708 terra
358 646 498 704 dracones
514 657 543 703 et
559 665 660 710 omnes
676 645 788 722 abyssi,
801 645 889 724 ignis,
902 649 1022 725 grando,

263 739 330 808 nix,
345 736 465 816 glacies,
479 736 599 813 spiritus
619 736 811 815 tempestatis,
828 757 894 814 quae
913 739 1024 798 faciunt

262 825 387 886 verbum
405 839 487 885 tuum
508 847 515 882 τ
536 839 647 885 montes
667 839 698 886 et
716 847 816 886 omnes
830 826 931 900 colles,
946 829 1025 908 ligne

264 917 415 978 fructifere
427 928 458 975 et
468 936 568 974 omnes
587 917 668 974 cedri
676 939 685 989 ;
701 915 801 974 bestiae
815 930 845 975 et
862 917 959 976 omnia
970 938 1025 996 pe-

265 1027 350 1080 oora,
362 1006 479 1084 reptilia
495 1019 525 1064 et
540 1005 669 1064 volatilia
683 1019 825 1083 pennata
842 1027 924 1090 reges
938 1021 1023 1068 terrae

265 1112 295 1162 et
316 1101 416 1156 omnes
440 1095 560 1174 populi,
578 1095 726 1173 principes
744 1109 774 1154 et
792 1117 893 1156 omnes
907 1096 1023 1175 jndices

265 1203 364 1260 terrae3
375 1189 498 1268 juvenes
512 1201 541 1248 et
556 1187 696 1264 virgines,
717 1188 845 1247 seniores
865 1209 931 1247 cum
940 1189 1023 1268 juni-

264 1280 365 1339 oribus
378 1279 498 1337 lsudant
516 1297 626 1336 nomen
644 1289 739 1335 tuum.
755 1280 827 1336 Cum
848 1298 920 1338 vero
936 1280 1023 1338 etiem

266 1371 302 1429 de
314 1370 393 1428 ooelis
404 1381 432 1428 te
444 1367 580 1440 laudent,
591 1366 714 1425 laudent
728 1378 771 1439 te,
782 1371 861 1426 Deus
873 1381 980 1441 noster,
991 1369 1022 1428 in

260 1460 385 1520 ,excelsis
399 1479 498 1518 omnes
509 1458 612 1537 Angeli
626 1459 680 1531 tui,
694 1478 793 1517 omnes
807 1458 936 1518 Virtutes
950 1473 1021 1533 tuae,

265 1551 309 1610 sol
320 1563 348 1610 et
362 1551 442 1622 luna,
456 1547 658 1609 omnesstellae
674 1562 704 1606 et
719 1550 836 1621 lumen,
849 1550 914 1607 coeli
932 1550 1022 1608 coelo-

265 1661 331 1700 rum
350 1653 380 1699 et
400 1661 482 1718 aquae
505 1660 570 1719 quae
589 1659 678 1717 super
695 1640 786 1705 ¹coelos
805 1651 886 1713 sunt,
904 1639 1022 1698 laudent

264 1750 370 1789 nomen
383 1741 466 1788 tuum
477 1741 487 1765 ¹
504 1752 511 1786 :
528 1750 586 1787 non
594 1729 655 1806 jam
667 1728 869 1788 desiderabam
886 1730 1022 1801 meliora,

266 1820 335 1898 quia
349 1821 446 1878 omnia
460 1819 639 1898 cogitabam
655 1833 684 1878 et
697 1819 819 1879 meliora
835 1819 953 1897 quidem
972 1839 1021 1878 su-

265 1910 383 1988 periora
410 1929 498 1987 quam
513 1909 681 1984 inferiora,
702 1907 752 1966 sed
780 1909 903 1989 meliora
926 1909 1022 1968 omnia

265 2019 353 2076 quem
374 2000 435 2058 sola
459 2000 625 2076 superiore,
646 1998 759 2076 judicio
778 2000 892 2058 saniore
908 2000 1022 2076 pende-

266 2087 342 2152 bam.
409 2099 412 2108 ‘

523 2230 656 2297 CAPUT
676 2231 764 2296 XIV.

267 2409 337 2456 Sene
354 2405 441 2456 mentis
451 2403 545 2457 homini
562 2405 623 2456 nihil
636 2405 747 2475 displicet
759 2405 823 2456 inter
831 2414 953 2457 creaturas
966 2407 1021 2457 Dei.

308 2565 354 2624 20.
372 2573 436 2626 Non
449 2579 492 2626 est
505 2567 611 2626 sanitas
625 2566 665 2625 eis
679 2565 788 2644 quibus
808 2566 944 2644 displicet
965 2565 1021 2624 ali·

172 2729 174 2732 ,
255 2655 340 2736 ¹quid
360 2669 500 2717 creaturae
516 2671 587 2730 tuae3
604 2657 679 2716 sicut
699 2657 770 2715 mihi
784 2677 843 2716 non
864 2669 939 2729 erat,
955 2676 1023 2716 cum

267 2747 452 2826 displicerent
463 2751 555 2808 multa
566 2768 631 2827 quae
645 2748 746 2818 fecisti.
764 2753 801 2805 Et
816 2747 886 2825 quia
900 2767 960 2806 non
974 2767 1023 2806 au·

267 2836 356 2896 debat
368 2839 463 2897 annua
476 2859 540 2898 mea
553 2852 587 2898 ut
598 2840 627 2897 ei
640 2839 808 2916 displiceret
824 2843 903 2897 Deus
925 2859 1006 2898 meus
1013 2880 1023 2912 ,

267 2926 386 2986 nolebat
402 2947 465 2987 esse
484 2941 565 2988 tuum
578 2927 726 3007 quidquid
740 2927 767 2986 ei
788 2927 967 3006 displicebat.
987 2931 1024 2986 Et

267 3015 335 3073 inde
348 3015 421 3076 ierat
432 3019 464 3075 in
475 3019 641 3096 opinionem
653 3017 776 3077 duarum
782 3016 1022 3088 substantiarum,
1055 3049 1057 3058 ι

268 3119 297 3164 et
313 3127 370 3166 non
388 3109 598 3187 requiescebat,
616 3121 650 3167 ,et
671 3109 766 3168 aliena
783 3107 967 3186 loquebatur.
986 3113 1024 3168 Et

307 3276 316 3300 ¹
330 3266 391 3315 Psal.
406 3281 509 3325 enimn,
522 3269 588 3314 1-12.
