2354 4034
255 478 306 526 iss
426 480 462 526 ¹S.
481 477 666 526 AUGUSTINI
683 477 827 528 uniscunt

501 645 636 706 CAPUT
656 642 762 706 XXII.

295 830 324 874 In
341 821 371 886 ir.
386 830 419 874 26
437 821 589 872 :Faciamus
599 819 718 870 homiuem
730 817 771 870 ad
776 820 906 889 imaginem
923 833 970 874 etc..

506 902 642 954 Renovatio
656 903 752 954 mentis.

291 1057 339 1126 32.
354 1073 429 1126 Ecce
441 1065 532 1137 enim,
545 1064 669 1124 Domine
681 1069 761 1123 Deus
772 1077 886 1139 noster,
897 1079 1015 1126 creator

249 1172 358 1230 noster,
382 1175 449 1216 cum
474 1155 615 1232 ,cohibitae
642 1157 752 1214 fuerint
779 1157 949 1218 affectiones
974 1160 1014 1218 ab

250 1267 349 1306 amore
371 1245 485 1316 sacculi,
509 1243 617 1322 quibus
638 1245 840 1308 moriebamur
863 1250 939 1308 male
964 1249 1014 1308 vi-

248 1339 363 1410 vendo,
380 1350 409 1396 et
427 1338 551 1414 coeperit
564 1357 627 1396 esse
636 1339 737 1397 ‘anima
756 1340 859 1399 vivens
872 1339 948 1399 bene
964 1342 1013 1398 vi-

248 1431 360 1502 vendo,
386 1429 626 1509 completumque
653 1431 743 1488 fuerit
760 1430 887 1489 verbum
909 1445 1011 1505 tuum,

248 1524 329 1602 quod
339 1543 393 1602 per
408 1520 583 1601 Apostolum
601 1535 684 1580 tuum
704 1522 817 1594 dixisti,
832 1527 929 1582 Nolite
942 1546 1013 1581 con-

238 1615 367 1692 formari
378 1617 442 1672 liuic
455 1619 577 1685 soeculo;
594 1615 784 1692 consequitur
798 1627 828 1673 et
839 1615 916 1674 illud
930 1617 1011 1694 quod

247 1708 410 1786 adjunxisti·
429 1707 526 1765 statim
547 1719 577 1764 et
595 1707 708 1778 dixisti,
735 1710 796 1764 Sed
814 1706 1013 1784 reformamini

247 1807 277 1856 ιἰι
296 1807 416 1857 nouitate
439 1805 540 1856 micatis
561 1813 688 1855 vestrm:
701 1819 760 1856 ιιοιι
777 1797 837 1876 jam
854 1804 1010 1858 secundum

245 1911 346 1968 genus,
364 1903 502 1967 tanquam
517 1889 666 1960 imitantes
679 1889 891 1966 praecedentem
904 1891 1009 1968 proxi-

247 2001 340 2054 mum,
360 2001 414 2039 nec
435 2000 472 2038 ex
486 1978 611 2038 hominis
629 1967 758 2037 melioris
774 1980 947 2038 anctomtatc
961 1980 1007 2037 vi-

244 2085 355 2130 ventes.
363 2076 466 2149 Neque
474 2071 551 2129 enim
560 2070 666 2141 dixisti,
677 2070 740 2128 Fiat
749 2069 839 2128 homo
847 2071 1009 2129 seeundum

244 2183 351 2240 genns3
366 2161 431 2233 sed,
452 2164 605 2218 Faciamus
627 2163 768 2218 hominem
791 2165 833 2218 ad
854 2169 1009 2238 imaginem

246 2267 275 2309 ei
298 2255 699 2324 st'miliiudimcm-mosiram¹;
720 2265 753 2310 nt
774 2273 827 2310 nos
849 2252 1010 2330 probemus

246 2361 311 2422 quae
323 2345 361 2402 sit
374 2346 509 2403 voluntas
525 2356 584 2400 tua.
600 2344 646 2402 Ad
662 2344 717 2402 hoc
732 2345 809 2402 enirn
826 2344 1011 2422 dispensator

244 2433 295 2491 ille
317 2446 384 2491 tuus
404 2451 544 2510 generans
565 2452 619 2510 pec
635 2434 825 2512 Evangelium
844 2435 955 2505 filios³,
972 2455 1010 2492 ne

245 2542 361 2603 semper
377 2525 516 2603 parvulos·
536 2523 660 2582 haberet
681 2545 755 2602 quos
770 2525 848 2582 {acte
864 2524 1008 2595 nutriret,

246 2628 276 2676 et
293 2628 429 2694 tanquam
443 2615 545 2674 nutrix
560 2612 693 2674 foveret³
706 2638 713 2673 ε
728 2613 947 2692 Reformamimi,
960 2617 1009 2674 in-

246 2708 323 2785 quit,
338 2717 368 2766 ia
382 2715 504 2766 navitate
524 2714 624 2765 mentis
637 2699 754 2780 vestrae,
774 2703 1008 2783 adprobandum

245 2799 318 2856 aas*
332 2797 452 2876 quaesit
465 2805 600 2858 uoluntas
617 2805 682 2874 Dei,
697 2802 775 2875 quod
792 2797 894 2858 buniam
914 2811 944 2856 et
959 2799 1009 2856 be-

247 2893 419 2965 neplacitam
439 2905 469 2948 et
481 2888 672 2968 peqfectumd.
690 2888 821 2967 Ideoque
840 2909 897 2947 non
917 2889 1007 2959 dicis,

247 2980 312 3045 Fiat
322 2979 425 3053 homo;
441 2981 511 3054 sed,
525 2983 682 3038 Faciamus
694 2981 844 3038 homimem.
856 2979 1009 3050 Medicis,

284 3155 376 3202 ¹Gen.
389 3169 411 3212 1,
425 3155 468 3200 26,
481 3179 516 3188 —
534 3160 544 3186 ²
561 3156 573 3201 1
590 3153 696 3214 Coum,
716 3153 805 3200 15.-
824 3147 1009 3207 ³1Thesu11,

248 3236 272 3288 7,
291 3233 351 3276 -4
368 3237 441 3289 Rom.
459 3249 510 3294 xit,
524 3237 547 3284 2.
