2326 4020
247 429 280 475 ιι
303 403 305 410 ’
418 429 455 476 s.
473 421 656 476 incusum
673 424 818 474 ιιιιιιοιι

244 539 399 588 aestuarent
415 527 521 586 fluctus
545 526 637 584 aetatis
660 519 746 597 meae,
766 524 791 582 si
811 524 1005 601 tranquillitas

210 666 216 677 .
245 621 274 676 in
288 619 329 677 eis
340 637 398 676 non
415 630 532 696 poterat
547 631 624 688 esse,
635 615 693 674 fine
705 614 955 693 procreandorum
966 617 1004 678 li·

242 707 382 767 berorum
392 720 540 779 contenta,
554 707 629 765 sicut
638 705 800 784 praescrihit
813 706 861 764 lex
873 719 932 778 tua,
944 711 1003 768 Do·

243 799 337 870 mine,
351 798 404 875 qui
427 797 535 855 formas
551 796 640 854 etiam
661 797 851 874 propaginem
873 798 1003 856 mortali-

244 890 310 949 tatis
327 887 472 960 nostrae*,
484 889 592 964 potens
602 887 754 962 imponere
772 887 866 945 lenem
884 907 1002 948 manum
1053 919 1063 932 ·

243 977 280 1036 ad
304 989 563 1056 temperamentum
584 973 733 1075 spinarum
758 976 928 1053 aparadiso
946 990 1002 1060 tuo

242 1071 439 1128 seclusarum?
449 1073 516 1128 Νοιι
532 1066 609 1125 enim
622 1067 707 1146 longe
720 1079 763 1126 est
776 1085 793 1126 a
805 1067 891 1126 nobis
906 1070 1002 1126 οιιιιιι-

242 1161 373 1237 potentia
388 1173 455 1230 tua,
467 1159 551 1218 etiam
568 1177 635 1216 cum
649 1157 735 1236 longe
746 1177 845 1216 sumus
858 1177 876 1215 a
891 1171 929 1216 te.
941 1163 1000 1216 Aut

242 1263 322 1310 certe
338 1253 465 1310 sonitum
482 1249 606 1308 nubium
625 1262 741 1307 tuarum
762 1248 928 1326 vifflautius
948 1233 1000 1308 ad-

242 1356 413 1402 verterem:
436 1342 657 1401 Tribulatzonem
678 1339 774 1398 autem
796 1348 891 1421 camis
909 1339 998 1396 lrabe-

243 1434 311 1491 bunt
330 1436 501 1506 hujusmodi.
520 1437 583 1510 Ego
600 1443 714 1488 autem
724 1431 805 1488 vobis
825 1449 935 1506 parc03
954 1443 999 1502 et,

242 1529 353 1582 Bonum
380 1538 420 1582 est
442 1525 552 1580 homini
569 1518 712 1579 mulierem
729 1541 785 1577 non
805 1519 937 1598 rotigen,-
956 1533 998 1592 et,

244 1618 301 1687 Qui
326 1620 386 1672 sine
405 1635 496 1672 uxore
517 1626 569 1682 est,
591 1619 695 1696 cogitat
712 1631 748 1669 ea
768 1633 834 1688 quoe
849 1627 922 1670 sunt
933 1617 997 1680 Dei,

240 1709 380 1780 quomodo
404 1710 522 1782 placcat
547 1707 638 1761 Deo:
647 1701 708 1779 qui
730 1717 822 1761 aretem
836 1689 997 1762 mdtrfmo-

142 1845 149 1855 .
240 1803 288 1852 m'o
304 1809 422 1867 junctus
449 1809 498 1866 est,
527 1801 632 1872 cogitat
653 1803 689 1850 ea
710 1814 778 1869 quoe
801 1798 867 1851 runt
887 1800 996 1865 mundi,
1087 1793 1093 1802 ’

240 1892 381 1960 quomodo
406 1891 529 1964 placeat
558 1891 642 1942 uncti
658 1894 678 1940 ¹.
712 1887 770 1942 Has
805 1890 875 1964 e'rgo
909 1903 997 1948 voces

241 1976 409 2034 exaudirem
438 1969 640 2054 vigilantium
650 1984 679 2030 et
713 1971 860 2032 abscisus
859 1988 997 2054 propter

239 2085 359 2148 regnum
380 2066 563 2158 ooelorumn
585 2063 698 2122 felicior
714 2078 910 2166 exspectarem
931 2087 996 2126 am

238 2156 342 2232 plexus
358 2169 433 2214 tuos.
485 2173 488 2182 ’

279 2246 306 2301 4.
321 2245 378 2304 Sed
392 2244 518 2305 efferbui
531 2247 619 2306 miser
625 2267 770 2326 ,sequens
784 2238 924 2351 impetum
939 2249 996 2306 flu-

238 2355 293 2396 xus
313 2355 369 2394 mer
362 2330 487 2394 'relicto
506 2350 548 2408 te;
567 2351 596 2396 et
617 2338 728 2397 excessi
748 2339 845 2395 omnia
866 2339 994 2418 legitima

239 2439 304 2495 tua,
314 2445 368 2484 nec
378 2445 457 2486 evas1
449 2425 582 2504 flagella
597 2427 664 2486 tud:
676 2428 742 2506 quis
756 2427 833 2488 enim
847 2428 904 2485 hoc
919 2447 999 2488 mor

238 2516 358 2573 talium?
376 2519 460 2604 Nam
470 2528 502 2573 tu
517 2535 633 2618 semper
649 2517 751 2578 aderas
768 2517 995 2575 misericorditer

236 2606 372 2678 saeviens,
382 2618 412 2662 et
421 2597 604 2664 amarissimis
616 2598 771 2684 aspergens
784 2595 995 2666 offensionibus

236 2713 336 2754 omnes
351 2695 467 2754 illicitas
482 2694 681 2771 jucunditates
698 2714 791 2768 meas,
805 2708 839 2756 ut
854 2697 898 2754 ita
914 2717 995 2774 quae-

236 2805 331 2844 rerem
353 2787 413 2844 sine
437 2786 598 2843 offensione
615 2779 788 2863 jucundari3
810 2800 839 2843 et
862 2786 912 2845 ubi
936 2789 994 2847 hoc

236 2895 363 2952 possem,
379 2894 437 2932 non
456 2873 617 2934 invenirem
637 2869 814 2954 quidquam,
830 2879 937 2955 praeter
949 2891 992 2950 te,

235 2967 377 3035 Domine,
390 2975 497 3041 praeter
513 2977 542 3024 te
559 2967 610 3042 qui
624 2967 707 3044 fingis
720 2966 851 3027 dolorem
868 2970 898 3025 in
912 2987 992 3045 prae—

273 3153 436 3212 ¹1cor.v11‚
450 3142 992 3218 28,1,32·‚³³‚³t.-²Muth.xn,i2.
