2356 4018
275 489 325 536 205
458 487 483 536 S.
503 485 684 536 Aucusrtrtl
700 485 842 538 Erncort

273 602 334 648 tum
355 597 382 660 ¹,
398 587 501 666 populi
518 588 655 659 salutem,
673 605 811 665 sponsam
832 585 978 646 civitatem
1001 599 1031 659 ²,

271 679 387 736 arrham
408 678 530 756 Spiritus
553 679 643 736 sancti
658 677 680 749 ³,
704 679 843 756 poculum
871 673 957 756 pretii
980 699 1034 737 no·

176 825 178 832 ,
272 769 332 826 stri.
346 773 439 826 Nemo
459 767 502 826 ibi
519 780 616 827 cantat
630 789 639 825 z
655 769 756 826 Nonne
772 774 833 826 Deo
846 769 960 826 subdita
977 777 1036 826 err't

271 867 370 916 animo
384 865 469 918 mea?
479 859 524 916 Ab
536 867 598 934 ipso
614 867 689 916 enim
707 863 833 916 salutaro
852 877 954 916 meum.
973 863 1032 916 Et*

272 957 349 1007 enim
360 958 421 1026 ipse
432 954 509 1006 Deus
520 971 597 1006 meus
607 955 777 1008 etsulutan's
788 969 866 1006 meus
872 971 883 1021 ,·
891 963 1036 1026 susceptor·

272 1059 368 1109 meus,
385 1059 442 1096 non
457 1039 586 1096 movebor
601 1044 724 1115 amplius
739 1040 762 1096 ir
780 1045 872 1098 Nemo
893 1037 935 1100 ibi
950 1039 1034 1100 audit

272 1143 451 1188 vocantem:
473 1135 572 1186 Venite
592 1133 633 1185 ad
654 1149 708 1203 me,
729 1136 780 1205 qui
803 1129 946 1186 laboratis.
969 1133 1033 1186 De-

273 1221 429 1299 dignontur
446 1221 482 1279 ab
501 1241 536 1279 ao
554 1222 666 1279 discere
686 1221 823 1298 quoniam
843 1220 920 1278 mitis
939 1232 983 1278 cst
1003 1231 1034 1278 et

184 1295 193 1314 ’
270 1313 389 1370 humilis
404 1311 502 1370 corde.
516 1310 702 1370 Abscondisti
715 1311 792 1369 enim
805 1310 869 1368 haec
886 1330 902 1367 a
921 1312 1034 1388 sapien·

273 1401 351 1460 tibus
362 1414 392 1458 ct
409 1399 619 1478 prudentibus,
631 1412 660 1457 ct
676 1401 811 1457 revelasti
824 1418 858 1457 ea
868 1399 999 1477 parvulis
1010 1399 1031 1458 ⁵.

272 1496 308 1549 Et
327 1491 406 1549 aliud
426 1503 469 1548 est
489 1489 527 1548 de
547 1490 671 1549 silvestri
692 1489 842 1552 cacumine
861 1487 962 1546 videro
977 1505 1032 1565 pa-

272 1581 357 1638 triam
377 1580 474 1659 pacis,
494 1591 522 1637 et
540 1571 654 1637 iter'ad
673 1595 739 1636 earn
758 1596 816 1636 non
836 1578 981 1649 invenire,
1000 1589 1031 1634 et

272 1673 380 1732 fnistra
397 1671 497 1730 conari
516 1671 677 1748 periuria,
698 1671 808 1728 circum
829 1667 1031 1729 obsidentibus

271 1775 301 1820 et
328 1762 532 1821 insidiantibus
559 1762 687 1840 fugitivis
717 1760 935 1832 desertoribus,
964 1778 1030 1818 cum

271 1852 405 1930 principe
422 1871 475 1910 suo
495 1852 579 1909 leone
597 1863 627 1908 et
646 1850 773 1908 dracone
793 1871 801 1907 t
825 1863 856 1908 ct
875 1849 955 1908 aliud
985 1864 1030 1908 te-

274 1961 343 2000 nere
355 1943 434 2000 viam
442 1933 698 2013 illuc-ducentem,
712 1942 794 1999 curia
806 1939 821 1967 *
834 1941 956 2000 coelestis
969 1941 1030 1998 Irn-

270 2032 416 2109 perotoris
432 2031 590 2102 munitam,
605 2029 656 2088 uhi
676 2049 735 2088 non
753 2030 963 2088 latrocinantur
978 2027 1029 2106 qui

273 2121 418 2178 coelestem
438 2120 571 2178 militiam
602 2119 811 2191 deseruerunt;
833 2117 929 2177 vitant
949 2119 1027 2176 enirn

268 2227 337 2266 earn
351 2210 426 2267 sicut
440 2207 627 2286 supplicium.
643 2209 714 2267 Haeo
727 2209 800 2266 mibi
817 2207 1030 2267 invisceraban-

273 2311 321 2356 tur
343 2299 424 2358 miris
444 2299 552 2372 modis,
566 2321 634 2361 cum
655 2300 807 2358 minimum
821 2300 1027 2378 Apostolorum

268 2400 390 2447 tuorum
418 2389 565 2469 legeram,
595 2405 625 2450 et
655 2391 904 2455 consideraveram
939 2409 1028 2470 opem

272 2493 338 2552 tua,
356 2492 386 2538 et
399 2497 583 2559 expaveram«
879 2479 883 2486 ’

308 2648 747 2716 1nu.1.,1a.-2a;ror.m‚a.
761 2613 1027 2709 *nouasq-

272 2725 422 2791 tratum,
437 2732 541 2792 2,3.-
556 2726 890 2792 ⁵Maoh.x1,2o‚2s,25.
977 2775 980 2782 ,
