2352 4094
306 512 557 566 courasstouuu
575 493 671 560 traua
689 515 760 560 xur.
866 514 916 562 ras

151 621 201 681 cui
228 619 310 683 nullo
333 618 422 676 modo
444 617 552 676 sufficit
578 617 616 675 ad
643 616 768 675 beatam·
785 615 917 693 requiem
1001 657 1004 664 1

149 709 297 790 quidquid
308 721 337 767 te
351 709 446 766 miuus
460 720 512 778 est,
526 727 560 766 ac
574 727 628 785 per
644 707 701 765 hoc
711 727 764 766 nee
776 705 839 784 ipsa
851 706 914 766 sibi.

151 807 199 862 Tu
218 802 314 873 enim,
337 804 417 858 Deus
437 811 545 871 noster,
555 797 751 858 „iilumiuabis
778 796 914 858 tenebras

155 903 307 952 nostras¹:
324 911 360 948 ex
375 903 403 948 te
418 890 554 948 oriuntur
570 890 743 948 vestimenta
758 903 872 968 nostra,
888 901 917 950 et

157 981 285 1041 tenebrae
299 994 404 1040 uostrae
416 980 491 1040 sicut
504 979 738 1040 meridies'erunt
750 989 771 1037 ².
787 984 831 1038 Da
845 981 917 1038 mihi

156 1087 200 1145 te,
214 1076 294 1131 Deus
311 1075 405 1144 meus,
424 1070 515 1130 redde
528 1084 556 1129 te
573 1070 646 1130 mihi
662 1092 669 1128 :
686 1083 714 1130 te
726 1071 802 1130 enirn
816 1071 916 1143 am0*;

155 1176 184 1228 et
201 1165 348 1242 siparum
366 1177 423 1235 est,
446 1183 540 1222 amem
558 1163 693 1222 validius.
713 1169 777 1223 Non
797 1182 915 1240 possum

154 1255 250 1314 metiri
268 1266 302 1314 ut
318 1255 407 1336 sciam
424 1267 565 1332 quantum
581 1255 655 1313 desit
667 1253 739 1312 mihi
756 1255 863 1313 amoris
879 1255 916 1312 ad
939 1307 943 1314 .

154 1345 186 1404 id
200 1346 280 1424 quod
299 1359 344 1406 sat
359 1359 421 1419 est,
435 1359 468 1404 ut
485 1358 585 1405 currat
597 1346 657 1404 vita
673 1366 738 1406 mea
752 1345 782 1402 in
802 1347 916 1424 ample-

154 1457 209 1496 xus
223 1450 304 1509 tuos,
316 1457 372 1494 nec
386 1450 536 1496 avertatur
549 1437 642 1496 do'nec
655 1435 849 1495 abscondatur
859 1439 874 1476 *⁴
886 1439 916 1496 in

154 1526 327 1586 abscondito
338 1528 438 1587 vultus
454 1529 497 1586 tui
507 1525 530 1585 ³.
548 1522 739 1586 Huc'tautum
759 1529 915 1610 seio‚r1uia

154 1619 230 1676 male
244 1617 316 1676 mihi
331 1629 376 1676 est
391 1629 500 1696 praeter
517 1631 559 1690 te,
572 1637 632 1676 non
648 1619 742 1676 solum
757 1631 839 1677 extra
853 1636 926 1690 me,'

153 1711 206 1769 sed
225 1723 256 1768 et
280 1711 313 1768 in
333 1710 462 1788 meips03
485 1723 515 1769 et
533 1712 628 1769 omnis
652 1700 724 1769 rnihi
747 1711 831 1788 copia
851 1709 915 1788 quae

154 1804 238 1862 Deus
248 1820 329 1860 meus
343 1821 402 1858 nou
418 1813 475 1873 est,
488 1813 601 1879 egestas
612 1813 665 1858 est.

428 1966 562 2030 araur
579 1967 642 2028 rx.-

152 2133 204 2180 Cur
220 2131 284 2181 solus
300 2133 403 2200 Spiritus
422 2140 519 2202 saumas
536 2129 731 2198 superierebatur
748 2147 820 2198 super
832 2148 914 2198 aquas.

199 2279 244 2338 10.
255 2281 404 2359 Numquid
417 2282 468 2340 a'ut
480 2285 567 2340 Pater
580 2290 630 2338 a‘ut
642 2280 734 2339 Filius
745 2300 803 2338 nou
814 2301 916 2358 super-

156 2369 306 2431 ferebatur
326 2393 415 2451 super
429 2375 537 2450 aquas?
553 2373 582 2432 Si
601 2384 738 2450 tanquam
755 2371 820 2430 luco
841 2361 917 2431 sicut

157 2481 278 2540 corpus,
292 2483 346 2522 nec
362 2465 486 2541 Spiritus
504 2476 619 2522 sauctus
635 2463 678 2522 :si
690 2475 787 2522 autem
800 2464 915 2522 incom-

157 2551 301 2608 mutabilis
314 2553 471 2611 divinitatis
483 2553 639 2611 eminentia
651 2561 740 2629 super
754 2573 840 2610 omne
851 2561 918 2610 mu—

159 2640 262 2711 tabile,
278 2653 308 2698 et
324 2646 409 2699 Pater
423 2654 452 2698 et
463 2642 554 2699 Filius
566 2655 595 2699 et
604 2642 727 2718 Spiritus
742 2654 857 2700 sanetus
868 2663 918 2705 su-

159 2729 364 2807 perferebatur
377 2751 465 2808 super
480 2752 578 2807 aquas.
598 2737 656 2790 Cur
673 2739 742 2810 ergo
755 2745 866 2790 tantum
882 2734 918 2792 de

162 2824 272 2901 Spiritu
287 2837 338 2882 tuo
356 2824 466 2881 dictum
481 2836 524 2880 est
536 2824 611 2881 hoc?
626 2844 679 2904 cur
693 2824 730 2882 de
742 2824 792 2894 illo
808 2839 918 2884 tantum

164 2915 272 2973 dietum
285 2919 349 2973 est?
361 2915 450 2991 Quasi
470 2916 552 2973 locus
570 2913 614 2972 ibi
635 2929 723 2987 esset,
739 2918 790 2994 qui
805 2931 920 2975 nonest

162 3007 258 3078 loeus,
271 3007 307 3064 de
321 3028 380 3085 quo
398 3006 460 3066 solo
477 3007 589 3066 dietum
607 3008 743 3086 estquod
761 3009 797 3067 sit
811 3009 919 3067 donum

201 3185 209 3210 1
223 3178 285 3228 Psal.
304 3194 369 3237 utu,
384 3181 425 3228 29.
439 3205 474 3214 -·
488 3185 498 3211 ²
511 3175 573 3226 Psal.
590 3193 711 3238 cxxxmr,
730 3181 770 3226 12.
782 3204 816 3214 -
834 3175 920 3227 ³Psal.

164 3275 227 3318 xxx,
239 3261 280 3308 at.
