2326 4020
311 499 677 560 commolentium
695 507 740 554 111.
873 513 904 558 7³

142 612 235 672 sedin
249 609 307 676 ulio
322 619 411 684 utque
427 605 483 664 ulio
495 617 589 666 metro
599 605 682 664 aliter
699 617 787 683 utque
808 608 905 681 alitem

142 702 280 762 etinuno
292 698 393 774 aliquo
404 715 509 767 versu,
522 715 582 754 non
594 694 728 754 omnibns
741 697 813 758 locis
824 719 905 758 eum-

144 793 210 850 dem
224 789 344 868 pedem.
353 792 391 844 Et
405 806 450 852 urs
464 786 529 863 ipsa
542 803 602 860 qua
612 783 770 859 tenebam,
783 807 842 851 non
854 789 904 848 hn-

145 881 237 942 bebnt
247 878 327 946 uliud
346 877 436 949 alibi,
447 875 502 936 sed
516 876 614 942 onmia
631 875 725 938 simul.
740 882 776 936 Et
789 900 847 941 non
858 883 904 940 in-

148 971 250 1030 tuebar
264 969 411 1049 justitiam
427 968 479 1028 eui
506 968 649 1026 servirent
669 967 740 1033 boni
763 985 793 1028 et
814 976 903 1032 sancti

148 1061 292 1132 homines,
316 1059 403 1136 longe
424 1055 614 1117 excellentius
638 1069 725 1134 atque
752 1058 904 1121 sublimius

147 1151 256 1210 habere
275 1149 362 1211 simul
381 1148 561 1224 omniaque
580 1148 752 1224 precepit&
774 1163 803 1210 et
824 1153 904 1212 nulla

145 1262 182 1301 ex
203 1254 289 1320 parte
312 1240 433 1312 variari,
449 1251 480 1296 et
501 1250 597 1298 tamen
613 1238 701 1296 viriis
725 1241 904 1318 temporibus

147 1354 205 1392 non
227 1333 328 1396 omnia
347 1331 448 1402 simul,
467 1329 519 1388 sod
541 1329 661 1406 propria
682 1329 903 1393 distribuentem
976 1377 979 1386 ,

147 1444 179 1483 ae
203 1423 437 1502 praecipientem.
467 1423 503 1476 ΕΔ
531 1419 780 1496 reprehendebam
811 1443 904 1484 caecus

146 1516 210 1593 pios
224 1527 339 1593 patrem
358 1533 418 1572 non
430 1512 525 1578 solum
538 1510 613 1570 sicut
627 1516 706 1572 Deus
721 1503 841 1588 juberet'
857 1527 902 1571 at-

146 1625 203 1684 que
214 1605 373 1683 inspiraret
386 1615 498 1668 utentes
507 1600 709 1680 presentibus,
723 1621 823 1668 veruna
834 1623 906 1680 quo-

148 1713 206 1770 que
219 1694 297 1752 sieut
309 1696 391 1760 Deus
402 1690 547 1750 revelaret
558 1689 658 1748 sumre
670 1691 904 1765 praenuntiantes.

405 1850 538 1917 CAPUT
560 1849 651 1912 VIII.

148 2013 239 2060 Contra
253 2005 403 2060 Manichaei
417 2005 474 2057 diet
486 2023 540 2072 quae
550 2005 640 2072 flagitiu
651 2019 746 2072 semper
758 2003 904 2066 detestando,

433 2086 486 2152 que
506 2085 621 2136 munere.

190 2232 237 2298 15.
253 2227 403 2307 Numquid
410 2227 569 2304 aliquando
585 2226 753 2294 autalinubi
764 2227 904 2306 injustum

148 2335 192 2382 est
213 2320 336 2398 diligere
358 2323 455 2384 Deum
472 2337 509 2375 ex
532 2327 593 2376 toto
612 2317 767 2392 eorde‚,e‚t
787 2339 823 2376 ex
845 2332 904 2380 tota

149 2414 259 2481 anima,
275 2422 305 2468 et
317 2428 353 2466 ex
365 2420 426 2466 tota
440 2419 552 2480 mente,
565 2419 594 2464 et
607 2407 727 2485 diligere
739 2409 905 2486 proximum

149 2517 288 2580 tanquam
302 2501 428 2577 seIpsum
438 2501 450 2556 l
459 2498 677 2576 Itm1ueflagitia
687 2513 829 2576 quaesunt
838 2521 905 2560 eon-

151 2603 356 2662 transituram,
371 2588 481 2666 ubique
495 2608 529 2649 ae
543 2608 659 2666 semper
677 2589 844 2654 detestanda
858 2605 904 2650 at-

150 2703 208 2761 que
232 2680 381 2761 punienda
402 2692 484 2754 sunt,
505 2681 604 2758 qualia
626 2677 838 2746 Sodomitarum
856 2683 905 2740 fu-

114 2843 120 2856 ·
151 2785 247 2832 erunt.
268 2776 338 2849 Quae
354 2773 378 2830 si
401 2790 500 2828 omnes
518 2781 620 2847 gentes
640 2769 781 2842 facerent,
803 2771 905 2835 eodem

152 2863 281 2923 criminis
293 2873 377 2922 reatu
393 2860 489 2922 divina
502 2861 566 2939 lege
577 2871 757 2942 tenerentur,
772 2881 836 2940 quae
848 2885 907 2924 non

152 2953 193 3012 sic
213 2953 284 3012 lecit
303 2953 437 3014 homiues
456 2963 490 3010 ut
516 2971 546 3008 se
564 2950 615 3009 illo
638 2963 789 3012 uterentur
808 2955 906 3014 modo.

151 3043 283 3102 Violatur
297 3044 406 3120 quippe
418 3042 483 3120 ipsa
492 3040 617 3110 ,societas
627 3061 694 3120 quae
703 3063 772 3102 eum
783 3049 848 3104 Deo
855 3066 908 3107 no-

153 3134 198 3196 bis
209 3155 273 3196 esse
290 3133 395 3205 debet,
409 3153 477 3192 eum
493 3133 595 3202 eadem
613 3147 734 3206 namra,
754 3133 837 3214 cttfits
858 3137 907 3197 ille

154 3237 256 3284 auntor
269 3236 329 3297 est,
341 3222 470 3284 libidinis
477 3224 666 3302 perversitate
675 3224 825 3305 polluitur.
836 3227 908 3298 Qum

769 3328 782 3373 7
