2316 4020
307 463 561 514 comsslotttirt
576 464 669 514 LIBER
686 467 732 512 ΠΙ,
864 469 893 514 81

138 579 214 625 secta
232 564 392 644 fugienda5
413 565 512 640 itaque
532 565 647 642 fugisse.
667 569 738 638 Quae
761 583 828 622 oum
847 566 897 624 ilie

137 657 273 726 dixisset,
292 668 382 732 atque
401 655 451 712 ilia
469 655 560 713 nollet
579 656 762 732 acquiescere
768 655 840 728 ‚sed
857 657 899 714 in·

137 759 226 804 staret
236 745 332 822 magis
346 744 549 822 deprecando,
558 756 589 802 et
601 743 729 802 ubertim
741 745 851 814 flendo,
865 758 898 802 ut

137 856 186 894 me
206 835 335 905 videret,
360 847 391 892 et
417 855 531 892 mecum
550 833 707 892 dissereret
733 855 740 889 τ
762 834 812 891 iile
834 833 895 910 jam

139 924 380 984 sifflstomaelsans
393 924 496 997 taedio,
506 925 619 997 «Vade,
630 924 738 1002 inquit,
751 944 768 982 a
779 943 840 997 me;
854 926 895 983 ita

141 1045 154 1070 ι»
169 1017 248 1074 vivas
269 1039 277 1072 ε
299 1016 364 1074 fieri
379 1017 393 1042 *
415 1032 474 1074 non
500 1027 598 1094 potest
619 1028 658 1074 nt·
676 1016 757 1074 iiiios
773 1017 894 1074 istarum

136 1134 149 1159 »
164 1108 361 1184 laerymarum
383 1119 524 1184 pereat.»
546 1105 631 1180 Quod
654 1107 704 1164 illa
727 1106 768 1164 ita
789 1125 819 1164 se
846 1127 896 1164 ao—

129 1197 265 1274 -eepisse,
277 1196 362 1254 inter·
377 1195 528 1274 colloquia
543 1215 595 1254 sua
617 1217 732 1256 mecum
753 1216 829 1274 saepe
847 1218 896 1254 re—

136 1287 326 1357 cordabatur,
345 1303 379 1345 ao
399 1287 422 1344 si
440 1287 483 1344 da·
497 1287 577 1346 ooaio
592 1287 743 1350 sonuisset.

172 1464 262 1514 Visum
279 1473 317 1514 est
335 1465 384 1514 hae
403 1465 523 1516 ascribere
536 1466 664 1532 Augustini
678 1467 757 1516 ionum
771 1479 803 1515 ex
819 1465 861 1514 lib.
878 1471 892 1513 3

136 1553 222 1602 eonon
236 1546 340 1595 Litteras
352 1547 464 1596 petiliani
477 1545 608 1606 donatista,
619 1561 670 1614 oap.
686 1551 716 1596 17
730 1563 736 1597 :
750 1539 893 1596 antoanam

136 1648 149 1666 a
162 1625 334 1690 presbyterum
354 1625 427 1674 fuisse
440 1625 647 1684 Manichaeorum,
659 1627 697 1674 rel
707 1625 781 1674 falsus
795 1625 833 1674 vei
849 1623 893 1690 iai—

138 1727 151 1745 »
163 1703 217 1752 lens
236 1701 344 1751 mirabili
361 1702 495 1767 temeritate
510 1704 648 1753 contendat.
665 1704 747 1752 Verba
759 1695 894 1753 terriissiitiri

137 1808 150 1825 n
164 1781 348 1834 Confessionum
359 1799 480 1842 mearum,
491 1800 543 1848 quae
557 1801 602 1850 per
619 1781 709 1848 seipsa,
726 1791 752 1830 et
766 1775 797 1830 de
810 1778 896 1830 'inultis'

138 1885 151 1903 n
164 1871 221 1911 ante
237 1869 263 1910 et
279 1869 363 1926 postea
381 1860 449 1910 dietis
465 1860 660 1912 manifestissima
677 1868 733 1908 sunt
745 1857 892 1924 legentibus,

138 1961 151 1979 n
165 1939 211 1989 suh
235 1951 284 2003 quo
301 1938 324 1987 ei
345 1937 440 1987 videtur
466 1938 590 1988 intellectu
614 1945 732 2004 proponat
758 1945 830 2002 atque
843 1952 892 1986 -ar-

137 2042 151 2060 »
165 2025 224 2082 goat
239 2024 285 2065 eto,
302 2037 315 2058 a
327 2019 444 2079 Quonam
461 2032 518 2066 vero
540 2016 588 2066 sint
608 2015 684 2066 verba
700 2015 752 2074 iila,
775 2028 829 2080 (pin
849 2029 895 2062 suo

137 2097 219 2147 avulsa
237 2096 291 2145 loco
309 2103 421 2161 proterve
438 2095 644 2162 interpretabatur
662 2093 806 2151 Petitaros,
822 2091 894 2142 nobis

137 2177 314 2242 inoompertom
326 2182 378 2234 θεῖς
391 2173 485 2226 fortean
500 2175 545 2226 ista
558 2173 642 2242 eapitis
654 2175 719 2226 sexu·
727 2190 735 2224 ι
744 2176 829 2224 «Nam
839 2186 892 2220 ver-

138 2279 151 2296 »
165 2271 219 2306 sum
237 2263 262 2304 et
277 2270 377 2304 carmen
393 2254 465 2304 etiam
480 2255 510 2305 ad
528 2271 587 2305 vera
601 2257 723 2322 pulmenta
740 2251 866 2303 transfero.
879 2275 893 2292 ιι

138 2334 236 2402 Quippe
259 2333 383 2384 amatoria
400 2333 518 2386 maleficia
535 2334 630 2386 mulieri
651 2335 711 2386 data
731 2329 892 2400 exprobrabat

138 2412 286 2480 Augustino,
305 2421 330 2464 ut
344 2412 427 2464 videre
444 2423 479 2464 est
494 2415 521 2463 in
536 2413 647 2480 ejusdem·
658 2412 714 2464 libri
726 2417 811 2462 o'oatra
828 2408 893 2458 Peti-

137 2491 193 2543 liani
212 2491 315 2544 Litteras
329 2491 409 2559 capite
427 2498 466 2543 16.
