2316 4020
265 493 312 539 ros
429 459 476 538 's.
494 487 676 537 aucnsrrur
693 487 836 537 nerscorr

301 589 349 647 26.
365 589 422 660 Sed
432 595 490 666 'ego
503 587 636 648 conabar.
645 588 681 645 ad
691 597 738 658 te,
751 600 781 646 et
792 585 955 665 repellebar
968 588 1023 648 abs

261 695 303 752 te,
315 694 349 742 ut
367 700 500 758 saperem
515 686 656 751 mertem,
669 679 806 756 quoniam
820 678 954 756 superbis
969 699 1022 738 re-

261 771 344 830 sistis.
360 769 438 844 Quid
457 781 553 828 autem
570 768 738 846 superbius,
752 787 839 846 quam
858 781 890 826 ut
910 788 1024 828 assere-
1109 816 1124 830 e
1152 815 1153 822 ,

260 879 323 918 rem
336 860 411 917 mira
422 859 567 917 dementia
580 878 627 916 me
637 857 669 915 id
683 877 744 916 esse
756 858 928 916 naturaliter
940 859 1023 935 quod

260 963 292 1008 tu
312 951 363 1008 es?
383 953 456 1008 Cum
477 949 554 1006 enim
575 967 629 1026 ego
648 967 739 1007 essem
757 947 919 1020 mutabilis,
931 955 965 1006 'et
984 969 1022 1006 eo

259 1039 333 1098 milri
347 1039 531 1098 manifestum
550 1049 639 1110 esset,
658 1038 738 1115 quod
760 1037 828 1096 ideo
851 1037 952 1114 utique
972 1059 1022 1097 sa-

259 1134 341 1209 piens
362 1151 423 1190 esse
445 1129 617 1208 cupiebam,
636 1140 670 1187 ut
688 1148 724 1186 ex
747 1129 892 1187 deteriore
916 1131 1022 1188 melior

259 1221 357 1279 fierem
365 1243 374 1292 ;
387 1221 530 1280 malebam
543 1227 639 1278 tamen
653 1219 739 1280 etiam
757 1231 785 1276 te
799 1218 911 1296 opinari
925 1233 1023 1279 muta-

259 1309 365 1382 bilem,
378 1330 466 1386 quam
482 1329 528 1367 me
540 1329 599 1366 nou
612 1309 668 1386 hcc
682 1327 743 1366 esse
759 1307 839 1385 qnod
859 1321 890 1366 tu
904 1328 941 1367 es
960 1313 1021 1367 lta·

259 1419 317 1477 que
339 1399 519 1478 repellebar,
540 1410 570 1455 et
592 1397 745 1456 resistebas
766 1409 892 1456 ventosae
912 1399 1022 1456 cervici

260 1509 332 1548 meae
345 1511 352 1546 :
364 1482 395 1547 et
406 1487 588 1568 imaginabar
602 1489 709 1546 formas
721 1505 893 1565 corporeas,
907 1500 938 1545 et
950 1509 1020 1550 caro

260 1599 377 1638 carnem
396 1578 584 1648 accusabam,
598 1588 627 1636 et
646 1575 764 1654 spiritus
780 1573 932 1636 ambulans
948 1597 1021 1636 ncn-

261 1669 330 1727 dum
348 1669 518 1728 revertebar
538 1668 576 1726 ad
594 1680 622 1726 te
634 1677 643 1702 ¹
654 1687 663 1738 ;
676 1677 705 1724 et
720 1665 897 1724 ambulando
916 1665 1021 1726 ambu-

260 1758 355 1818 labam
369 1759 400 1818 in
414 1779 449 1818 ca
461 1777 526 1836 quae
542 1777 601 1816 non
616 1767 699 1827 sunt,
710 1773 806 1831 neque
818 1754 850 1812 in
861 1766 891 1812 te
900 1766 1020 1832 ,neque

260 1849 292 1906 in
304 1868 367 1920 me,
378 1868 473 1926 neque
486 1848 522 1905 in
531 1865 670 1925 carpore3
687 1863 781 1920 neque
794 1843 873 1902 mihiv
882 1843 1021 1904 creaban-

261 1950 310 1997 tur
329 1958 347 1996 ει
363 1937 485 1997 veritate
506 1947 554 1994 tua
561 1978 571 2008 ,
591 1935 642 1994 scd
663 1952 680 1991 a
701 1952 765 1992 mea
779 1933 909 1992 vanitate
926 1935 1020 2012 linge-

260 2027 369 2088 bantur
391 2047 428 2086 ex
450 2043 574 2104 corpore
596 2035 656 2086 aet
676 2021 957 2103 dicebamparvulis
980 2024 1019 2082 fi-

262 2115 377 2182 delibus
391 2117 462 2188 tuis,
482 2115 604 2176 civibus·
616 2116 707 2187 meis-,1
723 2135 740 2173 a
760 2113 868 2192 quibus
887 2114 1019 2174 nesciens

261 2205 445 2276 exsulabam3
463 2204 596 2264 dicebam
616 2205 674 2263 illis
688 2205 828 2282 garrulus·
841 2216 871 2262 et
887 2204 1019 2282 ineptus,

261 2297 320 2352 Cur
333 2314 402 2372 ergo
417 2309 495 2354 errat
504 2295 604 2354 anima·
613 2315 700 2372 qnam
713 2295 782 2356 fecit
792 2297 888 2353 Densi
897 2299 933 2352 Et
946 2296 1020 2354 mihi

261 2382 396 2442 nolebam
416 2383 489 2457 dici,
505 2388 563 2444 Gur
586 2391 656 2464 ergo
674 2393 753 2443 errat
772 2387 869 2445 Deus?
890 2389 927 2442 Et
948 2405 1020 2443 con-

262 2471 416 2530 tendebam
441 2475 536 2552 magis
555 2474 823 2540 incommutabilem
845 2487 923 2534 tuam
947 2474 1020 2534 sub-

260 2562 394 2621 stantiam
409 2577 538 2622 ccactam
555 2585 663 2638 errare,
679 2583 767 2642 quam
780 2583 872 2622 meam
889 2563 1021 2622 mutabi-

260 2652 317 2711 lem
326 2666 430 2732 sponte
439 2653 578 2728 deviasse,
586 2668 616 2714 et
624 2670 712 2733 poena·
719 2674 818 2713 errare
827 2653 989 2712 confitebar
995 2653 1017 2710 *.

300 2741 348 2800 27.
365 2748 402 2801 Et
420 2763 499 2802 eram
515 2758 598 2803 aetate
612 2765 759 2804 ¹annonam
776 2747 903 2804 fortasse*
915 2745 1020 2823 viginti

260 2851 311 2890 sex
323 2841 376 2892 aut
386 2847 511 2912 septem,
525 2845 591 2893 c'um
601 2835 652 2892 illa¹
664 2834 940 2913 volumina‘scripsi,
955 2836 1020 2893 vol-

260 2941 330 2980 vens
346 2923 425 2999 apud
441 2943 488 2980 me
502 2925 666 3001 corporalia
681 2924 831 3001 figmenta,
845 2922 1019 3002 obstrepen-

261 3012 300 3070 tia
311 3012 408 3071 cordis
419 3013 477 3071 mei
488 3012 624 3088 auribus;
636 3033 707 3103 qups
717 3013 913 3087 intendebam,
924 3015 1019 3075 dulcis

255 3242 258 3248 .
298 3196 380 3248 ¹Ptal.
392 3165 487 3258 burra,
501 3201 542 3249 39.
