2326 4020
298 413 557 464 CONFESSIONUM
574 413 669 464 mnu
687 415 732 462 111.
865 415 894 460 71

137 517 246 574 tasma?
259 495 297 570 Et
315 531 377 570 non
397 529 537 570 noveram
554 515 649 570 Deum
670 527 733 568 esse
748 509 899 589 spiritum,

136 625 191 665 non
210 606 262 664 eui
278 603 412 664 membra
433 615 528 662 essent
540 623 594 681 per
607 605 726 682 longum
747 615 777 661 et
790 604 897 674 latum,

136 717 188 755 nee
206 697 256 758 cui
273 715 337 754 esse
354 695 446 755 moles
463 705 539 753 esset
558 693 648 772 :quia
660 694 751 751 moles
765 693 796 751 in
814 706 899 771 parte

137 787 232 845 minor
252 800 297 846 est
312 807 402 864 quarn
420 786 527 847 in.toto
543 803 610 856 suo,
630 795 660 842 et
677 784 702 842 si
719 784 830 844 infinita
843 785 897 857 sit,

138 878 236 935 minor
248 891 290 937 est
304 879 337 936 in
352 878 450 955 aliqua
462 888 546 956 parte
565 887 646 936 certo
659 874 754 956 spatio
768 877 896 950 definita,

140 987 227 1045 quam
245 989 298 1046 per
317 968 482 1040 infinitum5
496 980 526 1026 et
544 987 603 1026 non
626 980 670 1026 est
692 979 750 1026 tota
770 967 897 1046 ubique,
927 996 932 1004 ·

139 1059 213 1117 sicut
234 1061 372 1138 spiritus,
394 1059 471 1118 sicut
495 1064 584 1132 Deus.
609 1063 646 1116 Et
659 1059 741 1138 -qnid
763 1059 794 1116 in
813 1058 898 1118 nobis

138 1161 226 1222 esset,
242 1152 404 1209 secundum
423 1149 504 1228 quod
521 1169 648 1209 essemus
665 1147 771 1210 similes
786 1153 851 1210 Deo
870 1165 899 1209 et

137 1252 215 1298 recte
240 1241 271 1298 in
292 1241 445 1318 Scriptura
466 1242 479 1267 *
497 1240 662 1300 diceremur
682 1244 724 1298 ad
743 1249 896 1319 imaginem

138 1334 193 1386 Dei
212 1340 232 1401 ¹,
243 1349 365 1408 prorsus
379 1329 558 1407 ignorabam.

180 1419 226 1476 13.
241 1423 279 1476 Et
290 1439 349 1478 non
363 1439 501 1478 noveram
509 1419 653 1498 justitiam
665 1439 764 1480 veram
776 1423 898 1481 interio-

138 1531 213 1582 rem,
230 1531 291 1569 non
307 1531 344 1569 ex
360 1512 570 1572 consuetudine
579 1511 776 1589 judicantem,
792 1512 844 1571 sed
862 1531 898 1571 ox

137 1601 200 1678 lege
212 1602 397 1661 rectissima*
412 1603 466 1660 Dei
478 1602 699 1681 omnipotentis,
714 1623 773 1680 qua
789 1603 898 1661 sorma-

138 1704 242 1749 rentur
257 1712 354 1751 mores
366 1693 518 1772 regionum
531 1704 561 1751 et
573 1693 690 1751 dierum
704 1713 759 1770 pro
772 1693 898 1769 regioni-

138 1781 193 1840 bus
214 1795 245 1840 et
267 1782 388 1855 diebus,
410 1804 477 1842 cum
504 1783 568 1862 ipsa
592 1782 706 1859 ubique
730 1801 764 1840 ac
785 1798 899 1857 semper

138 1885 227 1944 esset,
239 1893 298 1932 non
311 1873 382 1932 aiibi
396 1875 466 1946 alia,
479 1895 533 1933 nec
546 1873 617 1933 alias
631 1873 730 1942 aliter3
739 1871 898 1930 secundum

137 1983 228 2040 quam
234 1962 308 2040 justi
323 1976 419 2023 essent
431 1964 593 2035 Abraham,
606 1975 635 2021 et
647 1967 745 2034 Isaac,
755 1974 786 2044 et
797 1959 899 2034 Jacob,

138 2065 170 2110 et
189 2058 318 2130 Moyses,
331 2067 360 2112 et
375 2054 483 2127 David,
498 2067 527 2112 et
545 2054 587 2112 illi
606 2073 706 2112 omnes
725 2052 898 2112 laudatiora

138 2143 193 2200 Dei
207 2165 214 2199 ε
227 2143 281 2202 sed
297 2161 347 2204 eos
359 2143 397 2202 ab
408 2143 550 2221 imperitis
564 2143 690 2221 judicari
706 2143 838 2219 iniquos,
849 2142 898 2220 ju-

139 2231 305 2292 dicantibus
319 2254 356 2292 ex
371 2233 500 2290 humano
515 2232 578 2310 die,
592 2245 621 2292 et
639 2233 790 2292 universos
801 2251 898 2292 mores

137 2322 259 2382 humani
273 2324 385 2403 generis
395 2343 432 2382 ex
446 2336 528 2403 parte
539 2324 627 2382 moris
638 2325 689 2382 sui*
698 2323 896 2398 metientibus,

138 2425 276 2491 tanquam
291 2415 315 2474 si
326 2416 393 2491 quis
404 2415 516 2473 nescius
529 2415 559 2472 in
570 2416 754 2472 armamentis
764 2413 836 2490 quid
849 2415 898 2473 cui

137 2502 272 2562 membro
290 2504 542 2563 accommodatum
557 2504 611 2576 sit,
625 2524 712 2562 ocrea
725 2504 796 2561 velit
810 2515 899 2582 caput

138 2595 267 2671 contegi,
287 2607 317 2653 et
330 2595 412 2671 galea
427 2595 563 2666 calceari3
589 2606 617 2653 et
633 2605 796 2652 murmuret
817 2591 897 2669 quod

138 2701 195 2739 non
206 2697 275 2762 apte
286 2685 457 2743 conveniat:
468 2685 558 2744 autin
568 2703 628 2742 uno
639 2683 687 2741 die
697 2683 808 2740 indicto
820 2701 897 2760 apo·

139 2773 306 2840 meridianis
318 2774 398 2833 horis
405 2773 529 2852 justitio,
537 2775 690 2851 quisquam
700 2771 896 2832 stomachetur

138 2861 269 2921 nonsibi
291 2864 411 2922 concedi
429 2865 501 2942 quid
518 2865 620 2924 venale
638 2882 816 2942 proponere,
827 2866 897 2942 quia

139 2969 222 3010 mane
237 2969 410 3013 concessum
424 2967 468 3013 est
482 2976 489 3011 ε
504 2968 555 3013 aut
571 2955 601 3012 in
619 2973 679 3012 una
693 2953 780 3014 domo
799 2955 897 3015 videat

176 3143 358 3198 ¹Gen.1,27.
