2356 4018
1 1437 3 1529 i

301 491 552 543 coutraslomm
570 493 667 542 Lmen
684 495 740 542 vn.
848 496 898 546 205

138 592 324 671 nonnecepit
332 603 341 628 ¹
349 591 372 673 i)
384 605 414 651 et
425 605 458 652 ut
467 605 506 665 te,
515 593 606 670 quies
616 613 731 672 semper
741 592 829 666 idem,
840 613 899 652 nou

139 684 235 744 solum
248 683 438 744 admoneatur
451 696 485 742 ut
498 683 605 756 videat,
615 683 667 743 sed
681 684 768 742 etiam
783 696 900 751 sanetur

138 787 174 835 ut
186 785 283 833 teneat
297 795 305 830 ι
320 786 349 832 et
362 773 463 851 quide
481 773 640 852 longinque
657 773 757 834 videre
773 793 830 832 non
844 794 900 852 po-
994 839 998 847 ,

139 877 209 938 test,
225 864 302 924 visin
325 874 423 923 tamen
444 863 575 923 ambulet
592 884 650 946 qua
670 866 787 938 veniat,
801 878 831 924 et
849 867 898 924 vi-

138 953 225 1024 deat,
241 966 271 1014 et
290 966 400 1025 teneat3
414 954 483 1031 quia
506 954 559 1014 etsi
577 953 794 1038 condelectetur
807 956 898 1015 *hamc

138 1043 196 1120 legi
213 1043 269 1102 Dei
287 1042 446 1102 secundnm
460 1044 630 1103 interiorem
647 1045 812 1117 hominem,
827 1045 899 1124 quid

138 1133 226 1195 faciet
238 1133 275 1192 de
289 1133 345 1195 alia
357 1134 421 1212 lege
433 1134 464 1192 in
478 1133 616 1194 membris
627 1136 704 1205 suis,
718 1148 898 1214 repugnante

138 1224 196 1302 legi
204 1225 310 1284 mentis
323 1243 391 1296 suae,
406 1237 475 1284 etse
490 1226 638 1302 captivum
653 1227 777 1286 ducente
790 1228 822 1285 in
835 1227 898 1306 lege

138 1315 268 1393 peccati,
290 1335 354 1392 quae
376 1327 419 1374 est
441 1316 471 1372 in
492 1315 630 1376 memhris
648 1315 731 1394 ejus?
752 1318 897 1392 Quoniam
979 1313 988 1333 ⁸

135 1403 234 1482 justus
257 1423 303 1475 es,
329 1404 472 1475 Domine3
496 1424 549 1462 nos
576 1413 672 1462 autem
695 1408 897 1484 peccavimus,

138 1495 238 1573 inique
255 1494 392 1565 fecimus,
402 1493 496 1570 ¹impie
509 1493 664 1571 gessimus,
678 1505 708 1551 et
722 1509 841 1570 gravata
855 1510 899 1556 est

139 1603 292 1663 supernos
310 1601 412 1642 manus
431 1595 496 1654 tua,
515 1594 544 1642 et
555 1581 634 1660 juste
654 1581 752 1642 traditi
770 1587 896 1646 sumus²

139 1677 259 1756 antiquo
273 1675 422 1762 peccaturi
433 1665 591 1753 praeposito
606 1675 729 1745 mortim
747 1676 816 1754 quia
828 1698 898 1756 per-

140 1767 230 1827 suasit
243 1765 388 1825 voluntati
403 1777 508 1823 nostrae
527 1764 745 1824 similitudinem
761 1768 897 1826 voluuta-

141 1858 177 1916 tis
198 1876 269 1929 suae,
281 1876 340 1934 qua
360 1857 391 1914 in
409 1857 531 1914 veritate
551 1867 599 1914 tua
615 1875 675 1914 non
692 1855 772 1914 stetit
781 1856 802 1914 ³.
818 1857 897 1931 Quid

141 1946 225 2004 saciet
241 1946 329 2005 miser
345 1942 454 2006 homo?
467 1944 538 2020 Quis
549 1964 619 2004 eum
631 1941 769 2002 liberabit
781 1945 817 2004 de
830 1966 897 2006 cor-

141 2055 214 2115 pore
232 2036 332 2096 mortis
350 2034 453 2114 hujus,
467 2033 522 2094 nisi
537 2035 635 2113 gratia
659 2047 707 2092 tua
727 2054 780 2113 per
797 2040 897 2098 Jesum

141 2126 286 2187 Christum
301 2127 458 2185 Dominum
476 2137 607 2186 nostrum
621 2124 647 2197 ⁴,
667 2145 753 2204 quem
774 2126 901 2205 genuisti

142 2215 332 2290 coaeternum,
345 2230 374 2276 et
386 2217 493 2277 creasti
505 2217 536 2276 in
548 2217 694 2296 principio
705 2218 819 2278 viarum
832 2231 897 2278 tua-

142 2328 206 2368 rum
222 2307 243 2382 ⁵,
253 2310 284 2367 in
302 2326 361 2386 quc
374 2308 510 2386 princeps
522 2305 611 2384 hujus
627 2307 728 2366 mundi
745 2327 804 2366 non
817 2307 898 2368 inve-

142 2399 184 2458 nit
195 2400 354 2478 quidquam
370 2411 464 2458 morte
477 2398 597 2477 dignum
607 2395 635 2469 ⁶,
649 2411 679 2458 et
691 2398 799 2458 occidit
813 2418 897 2470 eum3

142 2501 171 2548 et
181 2503 352 2549 evacuatum
366 2502 409 2548 est
420 2487 647 2566 chirographum
661 2487 741 2564 quod
755 2501 817 2546 erat
829 2509 898 2548 con·

144 2580 263 2638 trarium
282 2578 367 2638 nobis
379 2582 407 2637 ⁷?
421 2582 485 2636 Hoc
501 2577 559 2636 illae
579 2577 681 2642 litterae
699 2596 757 2634 non
777 2577 896 2636 habent.

143 2673 207 2728 Non
220 2669 329 2727 habent
341 2669 399 2726 iliae
411 2668 523 2746 paginae
537 2667 650 2724 vultum
662 2665 778 2743 pietatis
794 2666 898 2742 hujus,

143 2759 283 2836 lacrymas
296 2749 496 2828 confessionis,
511 2755 684 2814 sacrificium
698 2767 796 2827 tuum,
807 2756 897 2834 spiri-

145 2861 204 2908 tum
221 2848 465 2920 contribulatum,
477 2865 528 2905 cor
540 2845 697 2904 contritum
715 2857 745 2902 et
757 2843 897 2910 humilia-

180 3069 189 3094 ¹
204 3061 281 3110 ICur.
297 3075 330 3119 ιι,
343 3062 367 3108 7.
380 3085 416 3096 -
428 3045 514 3108 ²'Dan
531 3075 573 3119 m,
587 3061 674 3108 27-32.
684 3083 719 3094 -
730 3054 743 3094 ³
754 3061 826 3109 Jenn.
841 3074 897 3116 vm,

148 3142 187 3190 tt.
206 3168 241 3176 -
260 3140 273 3182 ⁴
290 3143 361 3189 Rom.
379 3155 426 3199 vu,
448 3143 535 3189 2³·25,
550 3166 586 3174 -
604 3135 616 3174 ⁵
634 3143 706 3190 Prot.
725 3154 783 3198 mu,
805 3142 847 3187 22.
864 3162 899 3172 -

146 3215 238 3272 ⁶Jnan.
252 3235 301 3280 ιιι,
315 3223 356 3271 30.
367 3229 426 3268 -7
441 3219 532 3271 Coloss.
543 3237 576 3279 ιι,
591 3223 631 3269 tt.
