2352 4094
290 389 543 446 comestorum
560 391 654 440 LIBER
672 392 730 440 ΧΠ.
753 441 756 444 ,
841 396 889 444 tot

130 501 239 556 Verum
252 505 310 566 est,
322 493 402 554 nulla
415 505 548 572 tempora
563 489 678 568 perpeti
688 491 772 568 qnod
785 490 827 550 ita
841 512 893 552 oo-

131 587 223 646 haeret
247 583 350 644 lormae
372 582 620 654 incommutabili,
644 595 678 646 ut
702 582 836 660 quamvis
855 586 894 643 sit

131 673 285 750 mutabile,
299 693 359 732 non
377 685 516 732 mutetur.
532 677 641 732 Verum
655 684 714 745 est,
727 671 892 732 informio-

132 778 206 838 tem,
226 785 291 844 qnae
314 765 427 843 prope*
446 763 518 822 nihil
545 775 604 840 est,
624 762 703 822 vices
726 775 894 842 temporum

133 856 245 916 habere
269 875 332 914 non
355 874 449 935 posse.
473 859 582 914 Verum
595 866 652 928 est,
675 854 755 933 quod
769 855 847 915 unde
860 857 894 913 fit
922 892 925 897 -

134 945 258 1022 aliquid,
271 957 368 1024 potest
386 943 515 1028 'quodam
539 964 645 1023 genere
664 945 821 1005 locutionis
841 947 894 1005 ha-

134 1034 206 1093 bere
229 1033 291 1112 jam
309 1052 418 1094 nomen
437 1032 503 1110 ojus
518 1034 562 1092 rei
580 1053 646 1110 quae
661 1033 730 1095 inde
749 1035 796 1106 lit3
815 1035 894 1094 unde

133 1124 231 1201 potnit
241 1123 459 1207 voceriooelum
471 1135 501 1182 et
516 1135 593 1184 terro
604 1123 744 1200 quaelibet
758 1123 895 1184 informi-

134 1226 178 1272 tas
199 1214 278 1273 unde
301 1214 409 1272 factum
430 1224 474 1271 est
495 1213 600 1273 eoelum
631 1225 662 1272 et
677 1227 764 1272 terra.
785 1220 895 1274 verum

135 1316 195 1375 est,
222 1304 351 1364 omnium
375 1304 568 1364 formatorum
593 1303 666 1363 nihil
689 1323 751 1364 esse
775 1305 894 1367 informi

135 1395 258 1455 vicinius
271 1416 360 1473 quam
374 1409 481 1456 terram
497 1407 527 1454 et
544 1394 689 1473 abyssum.
709 1402 819 1455 verum
836 1410 894 1466 est,

135 1486 215 1562 quod
228 1507 287 1544 non
300 1487 394 1546 solum
409 1499 538 1544 creatum
553 1499 641 1563 atque
655 1487 828 1558 formatum,
843 1488 896 1546 sed

136 1577 222 1636 etiam
242 1577 386 1655 quidquid
406 1576 533 1636 creabile
556 1589 644 1654 atque
664 1575 894 1648 formabileest,

138 1680 169 1724 tu
182 1667 275 1726 fecisti
290 1688 327 1726 ex
341 1679 482 1744 quoeunt
494 1666 598 1724 omnio
612 1671 720 1724 Verum
735 1678 791 1737 est,
809 1685 895 1724 omne

137 1758 217 1834 quod
230 1777 266 1816 ex
279 1757 397 1816 informi
411 1758 570 1829 formatur,
583 1755 665 1834 prius
679 1775 741 1814 esse
756 1755 895 1826 informe,

137 1848 243 1908 deinde
259 1849 424 1908 formatum.

403 2016 538 2079 CAPUT
558 2015 627 2076 XX.

222 2170 254 2214 In
262 2164 387 2234 principio
400 2155 493 2214 .oreavit
508 2174 555 2214 eto.
574 2163 639 2213 varie
656 2163 811 2214 intellectum.

178 2307 225 2366 29.
241 2307 339 2366 Exshi's
347 2307 484 2366 omnibns
498 2295 896 2384 veris‚·dequihusi10ndu-

138 2399 232 2457 bitent
245 2417 372 2474 quorum
390 2398 523 2456 interiori
537 2398 623 2456 oculo
638 2397 706 2455 talia
723 2396 824 2454 videre
841 2396 898 2452 do-

139 2479 226 2559 nesti‚
241 2487 335 2563 etqui
353 2493 472 2565 Moysen
486 2489 627 2546 famulum
643 2500 726 2546 tuum
744 2487 775 2544 in
789 2486 898 2563 Spiritu

139 2576 270 2636 veritatis
284 2576 414 2634 locutum
428 2595 491 2633 esse
504 2575 693 2634 immobiliter
709 2573 846 2642 credunt3
861 2593 897 2653 ex

141 2665 185 2721 his
200 2681 269 2740 ergo
282 2660 418 2720 omnibus
432 2662 512 2720 aliud
530 2663 585 2722 sibi
601 2664 676 2721 tollit
692 2665 744 2738 qui
759 2661 847 2720 dicit:
862 2667 897 2717 In

137 2757 280 2829 principio
287 2750 361 2828 fecit
372 2756 450 2810 Deus
463 2757 565 2809 eoelum
579 2767 608 2809 et
621 2769 736 2822 terram,
750 2752 850 2823 idest,
864 2757 899 2810 ln

141 2842 238 2902 Verbo
258 2862 312 2902 sno
330 2842 387 2902 sibi
406 2853 551 2901 coaetemo
571 2843 640 2902 fecit
659 2848 739 2901 Dens
757 2842 897 2922 intelligi-

141 2934 229 2993 bilem
245 2947 331 3012 atque
343 2933 523 3004 sensibilem,
536 2936 582 2994 vel
595 2934 774 3012 spiritualem
789 2939 897 3011 corpo-

142 3026 291 3102 ralemque
307 3037 479 3083 ereaturam.
497 3025 584 3084 Aliud
598 3027 648 3103 qni
662 3024 752 3104 dicit:
767 3029 802 3082 ln
813 3033 899 3101 prin-

142 3123 218 3190 cipio
232 3113 310 3191 feeit
328 3119 406 3172 Deus
424 3120 525 3172 coelum
547 3130 576 3174 et
591 3129 705 3185 terram,
729 3115 759 3173 id
777 3129 839 3186 est,
864 3119 897 3171 In
