2316 4020
295 419 548 472 CONOESIONUM
565 419 661 468 LIBER
680 421 725 466 IV.
862 425 895 470 89

128 523 296 594 cidanea,
313 519 395 579 suavi
406 519 419 544 *
434 516 512 576 mitt
521 535 725 595 superomnes
739 519 896 582 suavitates

125 613 205 672 illius
217 613 291 671 vitae
308 629 390 669 meae.

166 705 196 762 8.
209 702 285 778 Quis
296 700 400 760 laudes
414 712 479 758 tuas
495 709 647 758 enumerat
657 716 743 771 unna,
753 700 784 760 in
794 721 825 760 se
835 723 894 761 uno

127 808 201 871 quas
215 791 431 871 expavescent
442 787 522 863 Quid
537 800 607 847 tuno
620 787 715 848 fecisti
725 795 823 861 ,Beate
836 813 894 852 me-

127 905 188 956 us.
199 899 228 943 et
241 903 330 962 quam
349 879 560 959 investigabilis
574 879 699 958 abyssus
711 879 893 958 judiciorum

129 977 362 1034 maronicum
372 971 450 1030 enim
464 970 611 1030 laboraret
627 973 677 1030 ille
688 970 894 1051 febrihueja-

129 1067 252 1124 cuirdiu
262 1065 325 1124 sine
341 1082 427 1146 sensu
439 1062 469 1120 in
486 1062 594 1122 sudore
607 1063 696 1121 letali.
707 1067 745 1122 Et
760 1083 827 1124 cum
842 1065 893 1122 de-

126 1153 487 1235 sperareturrbaptiaatus
495 1155 545 1212 ‘est
556 1153 697 1224 nesciens,
707 1174 754 1212 me
768 1175 827 1214 non
838 1176 892 1214 cu-

125 1261 224 1320 rante,
232 1259 265 1305 et
273 1256 469 1324 praesumente
481 1243 511 1302 id
521 1244 647 1303 retinere
659 1244 756 1321 potius
765 1246 890 1306 ammam

126 1339 191 1416 etus
208 1337 292 1415 quod
310 1355 333 1393 a'
349 1354 397 1394 me
410 1347 577 1412 acceperat,
595 1353 654 1394 non
677 1335 756 1413 quod
783 1335 814 1392 in
835 1358 889 1394 ne-

126 1428 245 1488 scientis
252 1445 382 1504 corpore
394 1424 492 1484 fiebat.
501 1429 601 1502 Longe
610 1431 707 1484 autern
720 1426 803 1484 aliter
816 1441 892 1498 erat;

125 1537 192 1578 nam
202 1529 353 1578 recreatus
368 1527 411 1575 est
423 1529 452 1576 et
462 1517 559 1575 salvus
571 1517 673 1574 factus.
691 1517 851 1595 Statimque
859 1534 893 1576 nt

125 1613 256 1689 prienam
266 1627 335 1668 cum
349 1625 386 1666 eo
398 1607 481 1685 loqui
494 1608 579 1687 potui
593 1607 604 1686 (
612 1609 694 1685 potui
708 1621 806 1668 autern
821 1629 890 1669 mox

126 1714 160 1759 ut
170 1699 221 1760 itte
238 1700 352 1778 potuit,
368 1697 484 1776 quando
501 1719 560 1757 non
578 1697 778 1771 discedebam,
797 1712 829 1758 et
843 1703 890 1758 ni-

126 1794 180 1852 mis
190 1789 393 1870 pendebamus
410 1807 447 1848 ex
459 1788 616 1868 invicem),
632 1788 742 1846 tentavi
758 1789 839 1865 apud
854 1791 891 1846 it-

126 1884 186 1940 lum
203 1875 345 1953 irridere,
363 1892 507 1957 tanquam
522 1880 617 1938 etzitto
631 1878 759 1936 irrisuro
776 1897 890 1938 mecum

126 1973 307 2052 Baptismum
324 1989 412 2049 quem
426 1983 579 2050 acceperat
592 1982 688 2027 mente
702 1981 791 2046 atque
806 1989 891 2032 sensu

127 2061 357 2132 absentissimus,
368 2059 419 2118 sed
433 2071 534 2118 tamen*
539 2059 600 2136 jam
612 2048 643 2116 se
654 2059 798 2136 accepisse
815 2058 891 2117 didi-

127 2164 217 2210 cerat.
229 2155 269 2208 At
282 2149 332 2207 ille
343 2149 383 2206 ita
394 2168 441 2206 me
450 2147 603 2208 exhorruit
612 2160 646 2206 ut
656 2147 820 2219 inimicum,
833 2148 887 2206 ad-

128 2241 299 2317 monuitque
316 2237 442 2297 mirabili
454 2250 484 2296 et
497 2237 648 2316 repentina
658 2237 806 2310 libertate,
819 2251 852 2296 ut
865 2246 890 2302 si

127 2332 238 2390 amicus
248 2347 312 2386 esse
321 2327 443 2398 vellem,
456 2325 525 2386 talia
534 2325 591 2384 sibi
601 2326 699 2386 dicere
714 2328 887 2388 desinerem·

125 2423 187 2498 Ego
200 2430 298 2476 autern
318 2416 498 2496 stupefactus
514 2429 601 2495 atque
618 2417 768 2492 turbatus,
784 2420 889 2478 distuli

126 2529 227 2568 omnes
251 2519 347 2566 motus
373 2525 469 2579 meos,
491 2520 525 2566 ut
544 2509 759 2567 convalesceret
786 2509 886 2586 prius,

126 2611 260 2676 essetque
275 2597 397 2656 idoneus
418 2596 530 2656 viribus
549 2598 725 2658 valetudinis
741 2618 808 2658 cnm
827 2618 886 2675 quo

128 2707 213 2770 agere
221 2703 335 2767 possem
347 2687 548 2765 quodvellemt
560 2687 672 2749 Sedillc
687 2687 826 2766 abreptus
839 2689 888 2746 de·-

129 2778 245 2838 montiae
253 2798 340 2850 meae,
351 2790 383 2836 ut
392 2773 511 2856 apnd'te
521 2789 687 2837 servaretur
696 2778 891 2836 consolationi·

127 2888 215 2941 ruaae,
228 2881 296 2948 post
313 2886 426 2947 paucos
440 2868 519 2941 dies,
536 2887 583 2926 me
597 2867 731 2941 absente,
744 2870 888 2948 repetitur

129 2959 263 3018 febribus
284 2970 314 3016 et
328 2958 506 3038 defungitur.

168 3050 194 3107 9.
205 3053 272 3124 Quo
285 3048 388 3107 dolore
402 3045 642 3106 contenebratum
652 3060 696 3108 est
708 3068 761 3108 cor
773 3069 886 3117 meum3

128 3153 157 3198 et
170 3139 316 3218 quidquid
328 3137 519 3217 aspiciebam,
530 3157 608 3198 mors
617 3151 686 3198 crat
697 3143 733 3200 Et
743 3153 805 3198 erat
815 3139 888 3197 mihi

765 3247 779 3290 a
