2326 4020
309 533 563 586 mansuetorum
580 535 676 587 tmen
693 537 738 588 ΙΙΙ.
867 541 899 590 tt

135 637 232 694 sanies
247 635 372 694 horrida
390 635 630 712 consequebatur.
647 624 723 698 Talis
742 640 803 698 vita
819 659 900 711 mea,

138 725 286 803 numquid
299 725 362 784 vita
377 737 453 795 erat,
468 729 549 782 Deus
564 729 669 784 mfflsl

409 883 544 946 CAPUT
565 887 624 946 111.

164 1049 194 1093 In
204 1041 283 1092 scbola
299 1040 403 1091 rhetoris
425 1041 457 1092 ab
475 1044 619 1092 Eversorum
632 1041 702 1092 lactis
715 1031 870 1097 abhorrebat.

177 1185 206 1242 5.
220 1188 258 1242 Et
269 1181 500 1242 circumvolabat
515 1197 604 1262 super
616 1203 663 1241 me
678 1184 770 1244 lldelis
783 1189 896 1266 alonge

138 1272 342 1332 misericordia
360 1286 417 1331 tua
436 1276 470 1330 In
486 1285 609 1350 quantas
625 1273 792 1352 iniquitates
806 1277 896 1336 dista-
942 1273 952 1294 ⁸

137 1363 205 1434 bui,
229 1375 260 1422 et
277 1362 448 1440 sacrilegam
468 1363 666 1421 curiositatem
686 1375 802 1424 secutus
822 1383 894 1440 sum,

137 1466 171 1511 ut
182 1453 365 1512 deserentem
382 1463 425 1525 te,
441 1451 600 1510 deduceret
610 1471 656 1512 me
673 1454 710 1512 ad
726 1455 783 1514 ima
795 1457 895 1530 iulide,

136 1553 167 1600 et
182 1542 429 1601 circumventoria
442 1540 582 1620 obsequia
592 1543 816 1617 daemoniorum,
833 1547 897 1624 qui·

136 1632 194 1691 bus
206 1630 396 1691 immolabam
411 1631 563 1691 lactamea
574 1634 663 1706 mala,
677 1647 708 1693 et
717 1636 748 1693 in
760 1636 895 1696 omnibus

137 1723 306 1802 flagellabas
324 1726 389 1784 me!
412 1727 506 1782 Ausus
520 1745 590 1783 vsum
610 1725 699 1782 etiam
722 1725 754 1783 in
768 1728 894 1786 celebri-

137 1827 196 1873 tate
207 1814 422 1873 solemnitatum
434 1826 570 1887 tuarum,
584 1814 662 1872 intra
672 1816 798 1890 parietes
806 1819 897 1874 ecole-

136 1905 184 1962 siae
205 1918 263 1962 tuae
282 1905 488 1981 concupiscere
509 1917 539 1963 et
557 1923 643 1983 agere
662 1906 808 1982 negotium
826 1923 896 1984 pro-

136 1994 262 2053 curandi
284 1994 397 2054 fructus
415 1997 517 2055 mortis
537 2017 544 2053 ε
567 1997 645 2054 unde
666 2016 713 2055 me
735 1996 896 2056 verberasti

136 2084 277 2162 gravibus
300 2085 409 2162 poenis;
432 2087 484 2148 sed
504 2085 575 2171 nibil
597 2085 634 2144 ad
655 2087 771 2165 culpam
792 2105 895 2160 meam,

136 2195 154 2232 o
168 2189 199 2234 tu
215 2174 393 2254 praegrandis
406 2177 604 2236 misericordia
618 2197 696 2251 mea,
710 2183 789 2238 Deus
803 2198 895 2251 meus,

137 2265 282 2343 refugium
301 2284 397 2324 meum
418 2286 435 2323 a
455 2266 636 2326 terribilibus
653 2267 841 2341 nocentibus,
864 2269 894 2327 in

136 2351 245 2431 quibus
258 2367 381 2433 vagatus
396 2375 459 2414 sum
475 2357 636 2434 praefidenti
650 2359 739 2448 collo,
757 2359 794 2417 ad
808 2360 893 2438 longe

136 2444 333 2504 recedendum
356 2457 440 2517 ate,
467 2465 566 2506 amans
589 2448 652 2506 vias
679 2467 757 2506 meas
780 2459 809 2505 et
835 2467 894 2507 non

137 2548 219 2606 tuas,
234 2551 334 2594 amans
348 2533 500 2612 fugitivam
513 2531 686 2595 libertatem.

176 2625 205 2682 6.
226 2623 383 2682 Habebunt
396 2633 425 2682 et
437 2623 488 2684 illa
504 2625 601 2685 studia
616 2643 681 2705 quas
699 2627 820 2684 honesta
841 2647 895 2686 vo-

138 2715 289 2786 cabantur,
305 2715 425 2774 ductum
447 2735 532 2775 snum
553 2714 713 2776 intuentem
727 2719 792 2776 lora
811 2720 896 2798 litigi·

139 2825 201 2877 osa,
215 2819 250 2864 ut
268 2805 442 2864 excellerem
455 2808 485 2866 in
499 2808 554 2879 eis,
567 2808 629 2865 hoo
639 2806 824 2880 laudabilior,
836 2829 895 2889 quo

139 2894 359 2954 fraudulentior.
379 2899 470 2953 Tanta
492 2909 536 2955 est
557 2897 671 2956 caecitas
690 2897 839 2957 homiuum
858 2901 895 2958 de
947 2921 961 2936 ·

140 2987 267 3044 caecitate
282 2985 368 3044 etiam
378 2986 571 3064 gloriantium.
585 2992 621 3046 Et
635 2987 728 3066 major
738 2988 803 3067 jam·
815 3011 893 3049 eram

138 3076 167 3132 in
186 3075 287 3134 schola
304 3075 442 3149 rhetoris;
464 3089 493 3135 et
514 3078 676 3158 gaudebam
701 3080 844 3159 superbe,
866 3093 895 3138 et

141 3164 284 3224 tumebam
312 3165 420 3243 typh03
449 3187 614 3246 quanquam
642 3169 727 3249 longe
754 3169 895 3243 sedatior,

140 3255 273 3325 Domine,
288 3265 321 3312 tu
336 3253 407 3325 sois,
427 3268 455 3314 et
472 3270 601 3316 remotus
619 3260 736 3317 omniuo
755 3259 792 3318 ab
808 3277 894 3318 ever-
