2356 4018
315 381 565 434 coursssmoums
583 385 678 434 cmm
695 385 762 434 vm.
860 384 909 432 2³7

151 500 296 542 rexeram.
308 484 415 542 Mansit
425 493 494 561 ergo
504 485 553 544 ille
562 485 615 544 ubi
627 485 814 557 sedebamus,
823 483 912 542 nimie

151 587 280 652 stupens.
295 577 357 650 Ego
367 574 423 632 sub
438 573 563 651 quadam
579 576 627 633 fici
641 574 747 633 arbore
760 575 850 633 stravi
865 593 912 632 me

151 663 252 722 nescio
271 663 433 739 quomodo,
454 677 483 721 et
496 663 593 722 dimisi
611 663 739 722 habenas
757 662 912 741 lacrymis,
1002 662 1006 670 ’

153 766 185 811 et
196 767 397 832 proruperunt
408 753 528 813 flumina
539 755 692 813 oculorum
705 757 852 824 meorum,
863 771 912 812 ac-

153 841 299 920 ceptabile
317 843 491 902 sacrificium
504 855 594 902 tuum.
610 847 648 901 Et
660 863 718 901 nou
732 840 851 921 quidem
864 841 911 900 his

153 931 269 1003 verbis,
281 932 334 992 sed
346 933 376 990 in
389 933 444 992 bac
460 935 602 992 sententia
610 931 775 995 multa'diui
789 931 843 991 tibi
855 953 863 988 z
876 933 913 990 Et

156 1034 204 1092 tu,
222 1022 361 1100 Domine,
375 1025 566 1099 usquequo¹l
578 1027 754 1100 Usquequo,
770 1021 913 1093 Domine,

155 1111 288 1169 irasceris
304 1112 338 1168 iri
352 1111 457 1170 finem?
473 1117 517 1170 Ne
537 1132 656 1171 memor
668 1111 759 1171 lucris
773 1111 912 1188 iniquita·

158 1211 220 1256 tum
234 1211 398 1258 nostrarum
418 1199 604 1276 antiquarum
617 1209 636 1256 ².
655 1196 817 1260 sentiebam
835 1197 912 1256 enim

159 1288 200 1346 eis
224 1308 271 1347 me
296 1289 387 1348 teneri
409 1309 420 1346 ι
434 1288 580 1365 jactabam
607 1309 695 1348 uoces
722 1285 912 1348 miserabiles.

158 1376 324 1451 Quamdiu?
337 1377 490 1454 quandiu,
511 1381 580 1438 Cras
594 1391 625 1440 et
640 1379 721 1438 cras?
738 1382 835 1451 Quare
855 1395 913 1434 non

160 1465 264 1524 modo?
281 1485 372 1543 quare
392 1485 450 1532 non
470 1466 524 1525 hac
538 1464 617 1526 hoca
634 1467 700 1524 finis
724 1463 914 1578 turpitudinis

160 1549 250 1614 me'ael
357 1587 360 1592 ·

200 1643 247 1704 29.
259 1645 399 1706 Dicebam
412 1647 487 1717 boec,
499 1657 527 1704 et
538 1645 643 1704 flebam
654 1644 832 1704 amarissima
842 1631 913 1702 con-

163 1735 276 1794 tritione
285 1736 382 1795 cordis
391 1737 458 1796 mei.
467 1736 504 1794 Et
512 1754 579 1794 ecce
590 1733 677 1792 audio
687 1752 789 1796 vocem
799 1730 836 1789 de
844 1733 914 1790 vici-

161 1843 198 1883 na
208 1825 296 1884 domo
308 1846 376 1885 cum
389 1839 475 1885 cantu
488 1825 609 1886 dicentis
622 1837 650 1882 et
664 1821 768 1884 crebro
783 1834 915 1902 repeten-

164 1915 300 1993 tia-quasi
312 1917 396 1994 pueri
406 1937 443 1974 an
454 1916 566 1994 puellae,
581 1915 679 1984 nescio
690 1934 697 1970 ι
708 1937 723 1980 ,ι
734 1912 822 1983 Tolle,
834 1912 915 1987 lege3

163 2032 174 2057 n
193 2005 274 2086 tolle,
295 2006 365 2082 lege.
381 2006 565 2081 »statimque
578 2014 690 2062 mutato
706 2003 800 2073 vultu,
816 2001 913 2058 inten-

164 2092 287 2154 tissimus
297 2095 423 2171 cogitare
433 2095 508 2172 coepi
520 2105 686 2153 utrumnam
696 2093 821 2150 solerem
829 2091 914 2168 pueri

163 2185 192 2243 iu
205 2185 303 2262 aliquo
314 2185 551 2262 genereludendi
565 2185 704 2245 canticare
718 2185 774 2246 tale
787 2181 913 2260 aliquid3

164 2279 216 2335 n'ec
227 2273 402 2338 occursabat
421 2274 538 2334 omniuo
560 2274 706 2340 audivisse
725 2293 772 2332 me
791 2272 913 2350 uspiam.

164 2359 366 2442 Repressoque
377 2365 488 2442 impetu
502 2365 711 2442 lacrymarum,
724 2361 853 2432 surrexi,
864 2360 915 2418 ni-

165 2452 205 2518 hil
218 2453 297 2512 aliud
310 2455 514 2530 interpretans,
523 2454 578 2512 nisi
587 2453 725 2516 divinitus
730 2451 808 2510 mihi
817 2447 916 2526 juberi
948 2441 951 2450 ’

166 2554 198 2600 ut
207 2543 351 2620 aperirem
365 2541 504 2613 codicem,
515 2554 545 2600 et
557 2543 682 2618 legerem
695 2539 775 2618 quod
789 2538 916 2615 primum

167 2646 254 2712 caput
266 2633 449 2694 invenissem
461 2632 617 2691 Audieram
637 2633 714 2689 enim
733 2628 770 2686 de
790 2621 916 2684 Antonio

167 2720 244 2797 quod
258 2741 295 2779 ex
311 2721 474 2798 evangelica
482 2721 623 2790 lectione,
634 2738 682 2777 cur
674 2717 768 2774 forte
777 2731 917 2792 superva-

167 2823 260 2884 nerat‚
273 2810 436 2869 admonitus
444 2809 545 2882 fuerit,
558 2819 694 2883 tanquam
705 2804 761 2865 sibi
771 2803 916 2866 diceretur

168 2899 246 2976 quod
259 2899 417 2980 legebatm,
432 2902 523 2972 Vade,
536 2901 629 2958 cende
641 2898 736 2956 omnia
747 2915 814 2973 quoe
797 2871 916 2962 'lichen

205 3099 377 3162 mulum.
390 3098 522 3152 -mrcl
536 3101 672 3160 uarum,
682 3100 707 3147 8
