2326 4020
258 420 291 464 72
444 419 469 466 S.
489 417 671 468 AUGUSTINI
689 418 831 468 EPISCOPI

179 537 184 546 ·
258 513 368 592 aliquid
392 515 512 572 tractari
539 514 673 574 manibus
698 536 715 574 a
739 536 889 593 quoquam
913 539 1016 593 servo,

257 606 337 682 quod
353 607 447 665 facere
463 626 521 684 non
535 607 648 686 sinatur
665 608 717 684 qui
730 610 836 686 pocula
850 612 1014 670 ministrat:

257 709 308 758 aut
320 695 431 773 aliquid
444 708 510 774 post
521 697 661 774 praesepia
673 697 749 770 ficri,
762 698 842 774 quod
854 712 921 758 ante
932 720 1017 759 rnen-

256 806 318 845 sam
332 785 542 864 prohibeatur;
560 799 590 844 et
602 785 783 863 indignetur,
795 808 866 848 cum·
872 790 909 846 sit
922 809 1015 849 unum

256 875 456 936 habitaculum
475 889 504 934 et
519 896 577 934 una
589 877 712 950 familia,
726 897 785 935 non
800 878 911 956 ubique
925 892 1015 956 atque

256 965 391 1025 omuibus
403 965 481 1024 idem
493 965 590 1024 tribui.
601 966 648 1028 Sic
660 979 727 1025 sunt
737 957 849 1043 isaiam
858 968 1016 1048 indignan-

257 1069 318 1127 tur,
338 1075 405 1117 cum
427 1054 573 1120 audierint
587 1056 645 1114 ·ilto
668 1057 772 1115 saeculo
784 1057 908 1126 vlicuisse
927 1057 1015 1134 justis

257 1145 382 1224 aliquid,
398 1144 477 1222 quod
489 1145 545 1204 isto
562 1146 703 1204 nonlicet
714 1145 815 1223 justis3
833 1159 862 1205 et
875 1148 943 1224 quia
957 1148 1015 1206 illis

257 1236 336 1295 aliud
352 1233 491 1314 praecepit
502 1238 596 1306 Deus,
609 1235 670 1294 istis
684 1235 763 1294 aliud
778 1256 832 1314 pro
843 1238 1013 1314 temporali—

257 1327 312 1386 bus
325 1326 433 1398 causis,
451 1345 518 1384 cum
539 1325 633 1390 eidem
648 1325 768 1403 justitiae
783 1328 907 1404 utrique·
920 1330 1015 1386 servi-

258 1419 332 1475 erint
347 1438 354 1471 :
368 1435 435 1474 cum
449 1417 479 1473 in
490 1435 550 1473 uno
561 1415 693 1489 homine,
706 1429 735 1474 et
750 1417 781 1476 in
792 1437 850 1476 uno
864 1417 927 1489 die,
940 1430 970 1475 et
983 1420 1015 1476 in

258 1509 322 1566 unis
333 1505 443 1566 aedibus
456 1507 574 1565 videant
589 1506 668 1564 aliud
683 1507 731 1566 atii
745 1507 877 1567 membro
887 1527 1016 1586 congru-

257 1617 322 1670 ere,
340 1610 370 1655 et
386 1595 466 1655 aliud
483 1595 657 1673 jamdudum
677 1596 808 1670 licuisse,
825 1611 891 1676 post
910 1598 1014 1656 horam

257 1707 315 1746 non
328 1687 430 1759 licere3
444 1687 584 1765 quiddam
597 1688 628 1746 in
641 1687 691 1746 illo
703 1689 809 1764 angulo
820 1689 949 1766 permitti
963 1703 1015 1748 aut

254 1778 367 1862 juberi,
386 1777 467 1856 quod
487 1779 518 1839 in
542 1779 597 1836 isto
611 1776 690 1856 juste
703 1791 823 1851 vetetur⁴
834 1779 1014 1838 et'vindice-

258 1883 314 1926 tur.
329 1868 478 1944 Numquid
497 1867 609 1945 justitia
627 1869 709 1926 varia
731 1880 824 1934 estet
845 1865 1019 1926 mutabilis?

257 1956 313 2018 Sed
323 1971 455 2035 tempora
464 1956 571 2033 quibus
582 1956 729 2034 praesidet,
739 1977 798 2014 non
809 1956 917 2035 pariter
928 1970 1014 2028 etmt3

258 2062 389 2125 tempora
414 2049 490 2106 enim
514 2059 595 2104 sunt..
605 2047 743 2108 Homines
764 2061 861 2106 autem
886 2066 1013 2124 quorum

257 2139 316 2196 vita
331 2157 419 2217 super
435 2150 541 2196 terram
559 2136 657 2196 brevis
675 2152 735 2210 est,
763 2140 832 2216 quia
853 2129 1013 2204 sensunon

257 2229 354 2286 valent
377 2247 478 2294 causas
499 2240 654 2286 contexere
674 2231 844 2288 saeculorum
863 2229 1014 2307 priorum,

257 2319 439 2394 aliarumque
463 2317 594 2394 gentium
615 2337 688 2394 quas
708 2317 822 2396 experti
844 2338 903 2376 non
926 2331 1013 2390 sunt,

257 2427 323 2466 cum
337 2408 383 2466 his
397 2427 469 2484 quas
483 2409 597 2484 experti
608 2421 693 2480 sunt;
711 2410 743 2466 in
761 2428 820 2468 uno
834 2422 931 2467 autem
945 2429 1013 2471 cor·

256 2519 345 2579 pore,
356 2499 404 2558 vel
418 2498 481 2567 die,
496 2499 544 2557 vel
558 2497 663 2570 domo,
677 2499 761 2558 facile
779 2512 900 2577 possunt
912 2499 1015 2559 videre

188 2646 192 2652 .
256 2590 328 2667 quid
350 2589 398 2650 cui
422 2588 568 2662 membro,
591 2589 698 2667 quibus
717 2591 883 2661 momentis,
903 2588 1013 2668 'quibus

255 2680 389 2759 partibus
409 2680 577 2759 personisve
598 2693 764 2758 congruat:
785 2680 815 2737 in
838 2679 895 2737 illis
917 2679 1013 2738 offen-

255 2772 375 2846 dunmr,
391 2772 438 2830 his
455 2771 593 2830 serviunt.

298 2863 343 2920 14.
362 2866 432 2920 Haec
446 2881 499 2941 ego
514 2874 583 2920 tunc
599 2859 777 2933 nesciebam,
790 2872 821 2920 et
833 2879 892 2919 non
906 2860 1013 2920 adver-

256 2951 369 3023 tebam;
383 2964 412 3010 et
427 2950 571 3012 feriebant
588 2950 718 3028 undique
730 2950 785 3010 ista
798 2950 898 3010 oculos
915 2969 1013 3021 meos,

254 3058 284 3105 et
301 3064 360 3103 non
376 3042 522 3103 videbam.
537 3047 574 3101 Et
587 3041 740 3102 cantabam
756 3042 898 3111 carmina,
912 3052 942 3098 ct
952 3060 1012 3099 non

254 3135 326 3196 mihi
338 3134 445 3197 licebat
458 3153 566 3212 ponere
576 3133 681 3213 pedem
693 3129 855 3212 quemlibet
868 3129 1011 3204 ubilibet,
