2316 4020
233 452 281 498 ηε
414 434 439 497 s'.
457 441 638 500 aooosrmi
655 451 797 499 nrrscorr

230 563 327 607 nutem
351 547 462 627 ubique
482 567 622 628 praesens,
645 551 696 609 ubi
721 562 784 608 erat
808 543 986 606 exaudiebas

231 657 309 710 eam3
323 645 353 696 e‘t
366 638 419 696 ubi
437 631 713 698 eram‘rniserebaris
727 639 799 711 mei,
816 651 849 696 ut
864 657 988 714 recupe—

232 735 327 786 rarem
348 729 473 786 salutern
494 730 629 806 eorporis
652 729 724 801 mei,
751 729 847 786 adhuc
872 728 989 785 insanus

233 817 489 894 eorde-sacrilego.
508 819 610 895 Neque
631 819 708 876 enim
733 810 934 876 desiderabam
959 817 990 873 in

231 908 282 964 illo
296 919 376 965 tanto
388 908 520 984 periculo
537 907 716 986 baptismum
731 921 831 978 tuum;
845 920 874 965 et
887 906 991 964 melior

234 1015 314 1054 eram
334 1016 418 1074 puer,
437 997 554 1074 quando
576 997 659 1055 illum
682 997 718 1054 de
737 1009 866 1054 materna
882 995 992 1074 pietate

234 1085 374 1162 flagitavi,
389 1087 465 1146 siout
480 1086 540 1163 jam
557 1087 727 1146 reeordatus
741 1100 829 1164 atque
845 1086 993 1145 confessus

235 1197 308 1236 sum.
324 1178 381 1237 Sed
398 1179 429 1236 in
444 1177 570 1238 dedecus
584 1199 682 1237 meum
696 1197 863 1251 creveram,
879 1191 908 1234 et
922 1195 994 1235 con-

236 1268 300 1326 silia
318 1268 468 1328 medicinae
485 1281 542 1328 tuae
560 1269 679 1328 demens
693 1268 868 1340 irridebam,
882 1267 934 1344 qui
947 1286 994 1324 me

235 1377 294 1414 non
308 1357 400 1415 sivisti
419 1359 503 1416 talem
519 1360 566 1444 bis
580 1360 665 1418 mori.
677 1363 742 1434 Quo
754 1358 875 1416 vulnere
890 1357 914 1414 si
928 1355 996 1413 feri-

236 1461 318 1505 retur
328 1468 379 1505 cor
391 1450 500 1522 matris,
506 1470 655 1526 nunquam
668 1460 827 1508 sanaretur.
834 1451 900 1505 Non
916 1447 995 1504 enirn

238 1537 305 1593 satis
320 1537 442 1614 eloquor
462 1537 533 1616 quid
552 1559 685 1616 erga-me
702 1537 832 1596 habebat
845 1535 948 1605 animi,
966 1545 996 1591 et

239 1641 350 1704 quanto
379 1627 490 1704 majore
516 1630 711 1688 sollieitudine
738 1648 784 1686 me
812 1623 998 1704 parturiebat

240 1719 363 1794 spiritu,
378 1737 466 1794 quam
484 1738 571 1776 earne
592 1709 756 1796 pepererat.
800 1743 802 1748 ,
820 1741 821 1744 ¹

283 1807 329 1863 17.
343 1813 407 1866 Non
421 1808 520 1884 itaque
534 1806 621 1864 video
636 1803 785 1883 quomodo
797 1813 960 1874 sanaretur,
974 1801 998 1858 si

241 1915 306 1954 mea
318 1897 382 1954 talis
398 1896 448 1954 illa
461 1915 539 1954 mors
553 1893 814 1953 transverberasset
829 1892 942 1950 viscera
954 1890 1000 1948 di·

242 1987 375 2043 lectionis
386 1985 457 2060 ejus.
466 1989 502 2041 Et
519 1983 571 2042 ubi
581 1996 676 2041 essent
690 1994 775 2040 tantae
785 1999 887 2058 preces
899 1993 929 2038 et
942 1991 1001 2036 tum

238 2073 356 2134 ,crebrae
370 2075 431 2130 sine
445 2071 676 2130 intermissione?
686 2075 835 2148 Nusquam
847 2067 902 2127 nisi
916 2067 954 2125 ad
963 2079 1001 2125 te.

245 2169 290 2218 An
305 2182 375 2219 vero
390 2175 438 2232 tu,
456 2167 535 2219 Deus
553 2149 1003 2237 misericordiarum3'sperneres

248 2271 297 2308 cor
319 2251 476 2308 contritum
495 2263 528 2308 ¹et
549 2250 732 2309 humiliatum
752 2249 849 2308 viduae
867 2261 952 2307 castae
969 2266 1003 2304 ac

247 2340 360 2413 sobriae,
375 2342 584 2417 frequentantis
595 2344 807 2418 eleemosynas,
818 2337 1005 2420 obsequentis

248 2443 335 2507 atque
346 2431 497 2490 servieritis
513 2426 618 2490 sanctis
635 2433 704 2504 tuis,
716 2419 829 2489 nullum
841 2430 918 2488 diem
927 2445 1006 2506 prae-

250 2522 434 2580 termittentis
453 2521 629 2580 oblationem
643 2523 680 2581 ad
695 2522 785 2579 altare
801 2511 900 2591 tuum3
914 2518 1006 2577 bisin

250 2613 311 2684 die,
328 2633 419 2676 mane,
427 2626 456 2671 et
472 2634 607 2692 vespere,
623 2615 660 2672 ad
679 2607 829 2671 ecelesiam
848 2619 928 2690 tuam
944 2609 1006 2667 sine

251 2705 532 2764 ullaintermissione
542 2695 699 2777 venientis,
711 2691 817 2760 nonsart
828 2719 916 2759 vanas
926 2699 1009 2757 fabu-

252 2796 293 2852 las
312 2808 341 2850 et
361 2796 451 2852 aniles
469 2791 671 2872 loquacitates,
685 2792 737 2853 sed
750 2805 784 2850 ut
800 2805 829 2849 te
842 2789 958 2848 audiret
978 2789 1009 2845 in

253 2886 309 2941 tuis
323 2883 515 2957 sermonibus,
524 2898 554 2942 et
568 2886 690 2950 millam
698 2885 729 2941 in
743 2883 802 2942 suis
816 2876 1009 2940 orationibus.

253 2975 384 3050 Hujusne
403 2989 433 3032 tu
454 2977 611 3052 lacrymas,
627 2975 733 3052 quibus
749 2961 840 3056 nona
861 2983 889 3028 te
906 2985 1010 3026 aurum

254 3078 282 3120 et
295 3079 446 3145 argentum
464 3065 596 3142 petebat,
610 3085 666 3124 nee
680 3063 798 3142 aliquod
805 3058 947 3120 mutabile
961 3068 1012 3114 aut

252 3154 383 3216 volubile
404 3157 529 3230 bonum,
548 3157 599 3216 sed
618 3159 740 3218 salutern
754 3156 857 3214 anirnae
876 3149 929 3209 lilii
950 3148 1012 3214 sui3
