2352 4094
253 451 303 500 tm
440 454 464 500 S.
485 451 666 500 AUGUSTINI
682 450 824 500 EPISCOPI
844 499 848 504 ,

252 573 422 631 persevera,
446 553 540 636 donec
561 565 687 614 transeat
709 573 769 612 nox
787 565 879 611 mater
894 553 1018 630 iniquo-

252 665 332 714 rum,
354 643 447 722 donec
462 655 588 703 transeat
603 645 647 702 ira
659 644 793 718 Domini,
815 643 898 722 cnjus
914 644 966 702 filii
983 657 1018 702 et

251 753 304 792 nos
317 734 424 792 suimus
445 734 601 812 aliquando
622 733 769 806 tenebrae,
791 753 916 810 quarum
937 735 1018 792 resi-

251 825 310 884 dua
335 818 477 884 trahimus
504 827 534 884 in
559 846 682 904 corpore
712 838 834 904 propter
857 838 1016 904 peceatum

251 929 367 975 mortuo
381 929 401 989 ¹,
422 918 515 976 donee
528 919 635 996 aspiret
655 917 730 990 dies,
756 929 787 976 et
806 929 1018 976 removeantur

170 1083 176 1090 .
252 1007 394 1066 umbrae2.
419 1012 510 1086 Spera
534 1009 567 1067 in
592 1009 748 1068 Domino:
772 1027 855 1067 mane
876 1007 979 1067 astabo
990 1010 1018 1079 *,

252 1109 283 1156 et
294 1099 515 1176 contemplabor
522 1122 530 1172 3
550 1119 665 1178 semper
677 1098 840 1157 confitebor
852 1099 904 1156 illi.
926 1101 1017 1155 Mane

251 1187 365 1261 astabo,
396 1203 425 1247 et
453 1190 593 1248 videbo³
621 1192 746 1249 salutare
769 1191 869 1248 vultus
901 1190 960 1248 mei
984 1190 1018 1260 4,

252 1285 346 1338 Deum
368 1301 467 1340 meum
485 1283 538 1360 qui
556 1281 719 1341 vivificabit
740 1295 769 1340 et
789 1283 921 1342 mortalia
943 1302 1015 1340 cor-

213 1385 215 1388 ·
251 1391 325 1449 pora
341 1384 457 1455 nostra,
481 1385 605 1450 propter
621 1363 762 1450 Spiritrim
781 1374 833 1450 qui
852 1371 1017 1430 habitatin

251 1461 336 1522 nobis
348 1463 373 1534 ⁵;
394 1465 463 1541 quia
479 1483 568 1542 super
586 1463 708 1522 interius
722 1476 854 1522 nostrum
877 1461 1017 1522 tenebro-

253 1574 316 1612 sum
334 1567 364 1612 et
378 1555 503 1612 fluidum
522 1553 750 1612 misericorditer
765 1553 1012 1631 superferebatur.

252 1645 338 1702 Unde
347 1645 377 1703 in
390 1645 446 1702 hac
459 1645 692 1724 peregrinatione
705 1645 810 1721 pignus
820 1641 1013 1720 accepimus⁶,

253 1747 285 1792 ut
299 1733 362 1812 jam
378 1736 468 1794 simus
487 1737 569 1807 lustr,
588 1735 657 1793 dum
674 1733 771 1792 adhuc
790 1753 841 1812 spe
857 1733 928 1792 salvi
944 1734 1015 1791 facti

208 1865 211 1868 -
252 1847 352 1884 sumus
364 1825 385 1898 ⁸,
402 1841 431 1884 et
444 1827 496 1886 filii
508 1827 595 1898 luci'S,
614 1839 643 1884 et
656 1826 707 1884 filii
720 1825 793 1894 diei,
811 1845 870 1882 non
889 1824 940 1881 filii
959 1845 1015 1882 no-

253 1916 307 1974 etis
330 1937 425 1994 neque
444 1916 664 1987 tenebrarum,
684 1909 764 1992 quod
779 1927 875 1972 tamen
894 1915 1013 1972 fuimus.

252 2010 331 2065 Inter
341 2027 414 2084 quos
427 2019 456 2065 et
467 2027 519 2066 nos
534 2007 563 2064 in
576 2008 631 2064 isto
644 2006 741 2064 adhuc
755 2007 868 2064 incerto
879 2006 1014 2066 humanae

252 2097 380 2169 notitiae,
411 2108 442 2153 tu
465 2097 543 2154 solus
567 2094 693 2164 dividis,
719 2093 770 2170 qui
793 2091 903 2170 probas
924 2093 1015 2152 corda

253 2198 367 2259 nostre,
384 2199 413 2244 et
429 2205 518 2244 vocas
534 2187 631 2243 lucem
647 2178 738 2256 diem,
758 2195 787 2240 et
805 2183 939 2242 tenebras
956 2205 1014 2242 no-

253 2290 329 2336 ctem
339 2289 371 2334 ¹⁰.
389 2277 460 2350 Quis
476 2279 553 2334 enim
567 2297 620 2334 nos
633 2275 784 2346 discernit,
798 2274 853 2332 nisi
871 2278 922 2333 tu?
942 2277 1015 2353 quid

254 2381 350 2426 autem
370 2367 512 2425 habemus
532 2367 612 2444 quod
633 2387 692 2424 non
713 2366 877 2444 accepimus
901 2378 962 2424 ate
979 2377 1015 2440 ¹¹,

253 2480 289 2516 ex
302 2458 405 2516 eadem
421 2479 514 2518 massa
526 2477 595 2518 vasa
610 2459 640 2517 in
652 2447 808 2530 honorem,
828 2480 864 2518 ex
877 2479 934 2536 qua
947 2473 1016 2518 sunt

253 2552 350 2610 etalio
363 2552 438 2623 sacta
455 2553 483 2609 in
499 2552 705 2612 contumeliam
718 2561 740 2590 ¹²
753 2554 766 2606 Ρ

290 2737 383 2786 ¹R0m.
394 2751 449 2795 vm,
466 2740 549 2785 10.-·-
562 2739 573 2770 ‘²
584 2738 655 2786 Cant.
669 2752 702 2794 11,
720 2738 802 2784 17.-
814 2731 826 2770 ³
837 2733 933 2792 Periit,
949 2739 1016 2782 5.-

253 2814 335 2864 ⁴Psal.
346 2831 409 2874 xmr,
421 2813 592 2866 5.-⁵Rom.
606 2832 664 2874 vni,
678 2811 881 2865 rr.-⁶1100r.
892 2827 916 2870 1,
929 2816 1016 2862 22.-

254 2908 264 2946 7
277 2895 364 2962 Ephes.
375 2915 398 2955 v,
412 2901 436 2946 8.
447 2924 478 2933 -
494 2897 504 2934 ⁸
515 2901 585 2947 Rom.
599 2914 657 2957 vm,
670 2900 712 2945 24.
723 2893 896 2944 -91Thess.
907 2911 930 2952 v,
943 2897 967 2942 5.
979 2921 1016 2928 —

256 2987 278 3010 ¹⁰
291 2980 353 3026 Gen.
366 2995 387 3037 r,
401 2984 423 3028 5.
435 3005 468 3013 -
485 2985 506 3011 ¹¹
520 2979 599 3028 ICor.
612 2995 643 3036 ιν,
657 2981 681 3026 7.
703 3005 727 3014 ·-
744 2986 767 3012 ¹²
782 2981 851 3026 Rom.
863 2991 904 3035 rx,
917 2979 958 3024 21.
