2352 4094
168 495 171 502 ,
251 428 302 480 aas
437 421 461 477 s.
480 419 662 478 sususrnu
680 390 845 477 arasaorrs

249 551 303 591 nec
315 549 394 590 eram
405 530 454 589 oui
466 541 618 608 praestares
631 539 781 600 atessam,
792 538 821 586 et
831 537 927 586 tamen
938 545 1014 586 ecce

250 643 313 682 sum
335 642 372 681 ex
394 615 526 687 bonit‘ate
549 617 818 701 tua'praeveniente
840 631 934 678 totum
949 618 1013 678 hoc

249 711 330 790 quod
361 729 409 770 me
433 710 540 782 fecisti,
562 721 592 769 et
611 709 690 768 unde
715 729 764 772 me
783 707 885 767 fecisti.
905 712 1012 786 Neque

250 802 326 861 enim
338 802 444 880 eguisti
458 819 518 872 me,
533 811 586 860 aut
597 819 651 878 ego
666 800 723 860 tale
739 791 852 860 bonum
865 816 932 858 sum
945 809 1011 878 quo

250 906 281 951 tu
305 891 468 972 adjuveris,
490 891 615 950 Domine
641 910 723 950 meus
749 902 778 950 et
802 894 884 950 Deus
907 909 1013 964 meus;

248 1003 306 1043 non
327 989 362 1044 ut
381 983 500 1044 tibisi‘c
518 982 645 1042 serviam
666 983 750 1060 quasi
769 1000 807 1040 ne
826 981 956 1062 tetigeris
973 983 1011 1040 -in

201 1069 202 1072 '
249 1073 374 1154 agendo,
390 1087 440 1135 aut
459 1094 497 1132 ne
519 1073 616 1132 minor
634 1068 671 1132 sit
689 1085 818 1153 potestas
835 1085 885 1133 tua
907 1089 1011 1132 carens

248 1165 393 1244 obsequio
403 1185 487 1236 moos
500 1183 597 1242 neque
611 1175 643 1223 ut
654 1163 696 1222 sio
709 1176 737 1222 te
750 1160 843 1241 colam
854 1163 939 1244 quasi
951 1175 1011 1222 ter-

248 1273 325 1327 ram,
341 1269 375 1314 ut
392 1255 430 1316 sis
453 1252 581 1314 insultus
598 1255 624 1313 si
643 1272 703 1314 nou
723 1268 753 1314 te
771 1255 884 1327 colonas
903 1253 955 1315 sed
974 1266 1012 1314 ut

248 1345 373 1405 serviam
394 1339 448 1404 tibi
464 1355 493 1404 et
513 1340 608 1404 colam
625 1356 670 1418 te,
691 1355 725 1404 ut
741 1345 777 1404 de
793 1355 822 1403 te
840 1343 1010 1404 mihiberre

248 1437 298 1507 sit',
314 1456 406 1515 aquo
423 1436 495 1495 mihi
517 1446 562 1494 est
579 1448 614 1495 ut
633 1437 687 1496 sim
711 1437 758 1495 'cui
776 1435 852 1496 berre
871 1437 917 1496 sit.

460 1669 462 1675 ι
520 1591 655 1700 usrur
685 1639 735 1716 11.x

248 1817 369 1866 Crealurae
391 1831 421 1864 ex
436 1814 488 1870 ,Dei
507 1812 614 1864 bonitate
636 1812 769 1880 subsistunt
796 1821 821 1864 et
839 1814 1008 1882 perficiuntur.

214 1979 217 1986 ’
288 1984 316 2043 2.
333 1989 377 2044 Ex
394 1984 575 2065 plenitudine
589 1985 700 2065 quippe
715 1984 855 2050 bonitatis
871 2000 928 2046 tuae
941 2008 1008 2047 cre-

249 2087 333 2133 atura
358 2088 407 2134 tua
428 2073 575 2148 subsistit,
590 2087 626 2134 ut
638 2073 750 2134 bonum
768 2077 849 2154 quod
866 2075 920 2137 tibi
932 2079 1007 2138 nihil

248 2161 414 2243 prodesset,
428 2176 483 2225 trec
503 2165 539 2225 de
556 2178 584 2225 te
602 2165 714 2244 aequale
731 2165 787 2225 libi
803 2179 894 2240 esset,
909 2179 1007 2226 tamen

247 2255 316 2332 quia
332 2273 370 2314 ex
381 2255 491 2326 reteri
502 2257 613 2334 potuit,
627 2269 687 2313 non¹
701 2254 823 2315 deesset.
837 2256 915 2332 Quid
928 2257 1007 2316 enim

248 2358 276 2402 te
296 2337 460 2422 promeruit
479 2343 584 2404 coelum
606 2357 635 2404 et
660 2359 757 2420 terra,
775 2349 842 2426 quae
860 2348 956 2408 iecisti
977 2350 1008 2409 in

247 2433 415 2512 Principio?
437 2434 544 2494 Dicant
559 2435 637 2514 quid
650 2447 679 2494 te
699 2445 928 2516 promeruerunt
943 2439 1007 2518 spi·

247 2524 359 2584 ritualis
375 2517 595 2604 corporalisque
614 2527 762 2602 natura*,
777 2544 849 2607 quas
864 2529 957 2589 iecisti
976 2531 1008 2588 in

246 2616 393 2694 Sapientia
419 2629 482 2691 tua,
503 2629 539 2677 ut
560 2617 629 2678 inde
654 2620 816 2698 penderent
847 2621 935 2680 atiani
959 2623 1007 2682 in-

248 2706 353 2766 choata
369 2715 398 2766 et
410 2707 548 2773 informia
561 2717 686 2789 quaeque
701 2711 732 2768 in
746 2729 853 2791 genere
868 2730 940 2784 suo,
958 2712 1006 2774 vel

247 2798 393 2875 spirituaii
421 2800 466 2859 vel
494 2801 657 2884 corporali,
680 2801 780 2862 euntia
798 2804 846 2884 in
859 2801 1007 2862 immode-

247 2889 457 2980 radonemffet
477 2892 508 2950 in
528 2893 716 2972 longinquam
740 2891 1007 2976 dissimilitudinem

247 2992 344 3053 tuam3
361 2983 511 3061 spirituale
525 2985 651 3045 informa
664 2987 866 3068 praestantius,
881 3005 968 3067 quam
982 2986 1007 3046 si

247 3071 406 3136 formatum
427 3090 534 3154 corpus
556 3089 645 3150 esset3
667 3070 820 3156 corporale
839 3089 938 3136 autem
955 3077 1005 3136 in—

247 3161 340 3222 forme
363 3165 562 3242 praestantius,
575 3186 664 3244 quam
680 3167 706 3227 si
723 3167 842 3228 omnino
859 3167 934 3227 nihil
956 3187 1006 3226 es-
