2316 4020
270 565 559 634 ..conmsssonnu
577 565 671 614 umus
690 567 720 614 v.
850 567 897 616 ras

415 722 548 793 CAPUT
570 723 626 788 XL

211 890 324 954 Qualiter
333 889 482 955 Augustinus
491 889 623 948 contuderit
632 906 687 941 cum
695 893 825 944 catholicis.

177 1054 226 1111 21.
243 1055 357 1112 Deinde
371 1075 437 1134 quae
451 1055 494 1114 illi
508 1056 539 1113 in
551 1057 709 1134 Scripturis
725 1059 782 1118 tuis
796 1079 897 1137 repre·

132 1145 302 1202 henderent
311 1145 334 1214 *,
351 1143 469 1203 defendi
488 1164 573 1223 posse
592 1166 650 1202 non
671 1147 895 1207 existimabam:

131 1234 188 1290 sed
210 1232 368 1310 aliquando
389 1254 457 1292 sane
479 1233 634 1312 cupiebam
656 1256 722 1294 cum
743 1239 840 1315 aliquo
861 1240 898 1296 il-

131 1325 234 1380 lorum
259 1321 403 1380 librorum
427 1324 594 1388 doctissimo
617 1325 749 1383 conferre
771 1327 899 1406 singula,
981 1401 984 1406 Ι

132 1425 163 1468 et
181 1413 312 1492 experiri
332 1413 404 1490 quid
422 1413 490 1470 iude
508 1413 635 1471 sentiret.
655 1419 718 1473 Jam
729 1416 811 1478 ,enim
825 1413 902 1475 Hel·¹
941 1465 951 1477 .

131 1503 209 1578 pidii
237 1501 390 1579 cujusdam
416 1501 554 1560 adversus
582 1503 697 1561 eosdem
722 1505 896 1564 Manichaeos

131 1613 237 1656 coram
252 1592 396 1669 loquentis
413 1604 443 1650 et
456 1592 623 1652 disserentis
636 1587 793 1664 sermones,
809 1596 896 1653 etiarn

132 1684 215 1759 apud
233 1682 436 1759 Carthaginem
454 1701 572 1742 movere
586 1701 632 1738 me
646 1695 810 1759 coeperant,
830 1704 895 1741 cum

132 1774 203 1831 talia
218 1773 258 1828 de
269 1772 428 1848 Scripturis
442 1771 601 1848 proferret,
622 1769 728 1846 quibus
744 1772 836 1828 resisti
851 1774 897 1830 la-

132 1863 189 1918 cile
214 1880 275 1917 non
297 1870 412 1937 posset,
437 1870 466 1915 et
486 1857 632 1915 imbecilla
653 1857 724 1915 mihi
745 1855 903 1934 responsio¹

131 1950 295 2008 videbatur
317 1949 448 2008 istorum.
476 1951 570 2020 Quam
589 1945 707 2023 quidem
732 1966 790 2004 uon
811 1947 896 2004 facile

132 2041 233 2117 palam
256 2035 449 2114 promebant,
472 2035 523 2092 sed
545 2033 629 2118 uobis
651 2035 806 2107 secretius,
830 2056 895 2094 cum

92 2171 99 2186 .
132 2131 274 2188 dicerent
303 2127 460 2213 scripturas
483 2127 559 2188 Novi
581 2128 755 2184 Testamenti
782 2127 897 2185 falsatas

130 2221 224 2277 luisse
244 2238 261 2273 a
284 2211 382 2274 nescio
400 2215 520 2293 quibus,
546 2216 596 2292 qui
611 2215 778 2274 Judaeorum
803 2218 895 2295 legem

131 2311 267 2366 inserere
282 2305 445 2362 christianae
457 2302 526 2361 fidei
542 2301 712 2376 uoluerunt,
733 2319 819 2388 atque
840 2306 896 2386 ipsi

131 2402 310 2474 incorrupta
332 2396 509 2473 exemplaria
532 2395 612 2453 nulla
636 2397 809 2474 proferrent.
839 2397 896 2453 Sed

131 2507 184 2547 me
197 2487 325 2543 maxime
335 2497 452 2562 captum
468 2497 498 2541 et
510 2477 668 2543 offocatum
679 2486 895 2562 quodammodo

132 2576 344 2656 deprimebant
359 2573 522 2652 corporalia
538 2577 711 2654 cogitantem
727 2578 817 2634 moles
829 2576 895 2646 illae,

133 2667 193 2724 sub
209 2665 318 2742 quibus
332 2663 470 2722 anhelans
484 2664 514 2721 in
529 2684 629 2722 auram
645 2677 702 2723 tuae
718 2665 847 2722 veritatis
864 2665 897 2719 li-

134 2757 260 2834 quidam
278 2767 307 2811 et
320 2754 481 2830 simplicem
498 2753 642 2836 respirare
656 2774 714 2813 nou
730 2766 871 2830 poteram.

412 2935 549 3011 CAPUT
569 2937 643 3002 XII.

230 3111 304 3154 Fraus
322 3105 494 3170 discipulorum
506 3109 589 3154 Itomae
600 3103 625 3153 in
642 3115 807 3171 praeceptores.

181 3260 229 3316 22.
256 3260 363 3316 Sedulo
387 3279 456 3336 ergo
480 3279 565 3336 agere
588 3277 750 3334 coeperam,
778 3270 898 3335 propter
