2354 4034
275 445 328 492 ⁴70
458 443 484 490 S.
502 439 685 490 AUGUSTINI
703 439 846 488 EPISCOPI

275 545 352 603 mine
374 541 544 620 prophetae,
569 541 600 599 in
621 540 738 598 nomine
759 530 848 617 justi,
866 540 1042 623 innomine

276 633 413 712 discipuli
430 631 487 690 hoc
512 632 617 690 facere.
639 635 748 689 Fructu
771 631 903 708 pascitur
920 631 1001 708 Elias
1024 653 1042 690 a

274 726 363 784 vidua
380 725 489 787 sciente
508 724 589 802 quod
607 722 762 781 hnmiu'em.
773 723 829 780 Dei
846 736 989 801 pasceret,
1011 737 1042 782 et

273 828 395 894 propter
411 816 468 873 hoc
485 827 618 892 pasceret
631 827 638 870 ε’
652 833 706 891 per
718 831 841 871 corvum
855 826 954 872 autem
967 812 1041 872 dato

274 901 479 987 pascebatui1.
502 911 562 964 Nec
585 907 708 965 interior
726 907 814 977 Elias,
836 905 887 964 sed
908 906 1043 965 exterior

274 997 461 1078 pascebatur,
475 998 526 1076 qui
540 1011 638 1076 posset
653 997 739 1056 etiam
757 998 825 1056 talis·
836 996 894 1055 cibi
908 1010 1041 1074 egestate

277 1089 436 1167 corrumpi.

415 1196 423 1202 ’
490 1225 645 1315 Ι.οΑΙ>ῑ]Τ
666 1225 802 1290 xxvn.
850 1295 852 1300 ,

407 1390 653 1476 Quia-perpenset
666 1401 729 1441 euos
743 1387 897 1456 significetur.
943 1361 951 1381 ''

292 1605 294 1608 .
316 1553 363 1612 42.
384 1553 516 1630 Ideoque
536 1550 630 1610 dicam
649 1544 730 1629 quod
749 1568 853 1608 verum
873 1563 917 1608 est
936 1571 1039 1610 ceram

275 1659 312 1719 te,
330 1646 477 1704 Domine:
497 1663 568 1702 cum·
584 1644 716 1702 homines
738 1642 838 1700 idiotae
861 1654 947 1719 atque
968 1643 1040 1699 infi-

275 1736 371 1808 deles,
395 1734 503 1812 quibus
525 1733 673 1791 initiandis
697 1742 785 1809 atque
811 1731 958 1790 lucrandis
980 1751 1038 1788 ne-

275 1827 398 1886 cessaria
421 1837 489 1884 sunt
515 1837 695 1884 sacramenta
722 1824 889 1895 initiorum,
915 1836 944 1880 et
970 1843 1038 1880 ma-

251 1944 254 1947 ·
275 1918 370 1995 gualia
391 1917 617 1988 miraculorum,
637 1937 702 1992 quae
722 1915 841 1972 nomine
861 1914 985 1993 piscium
1007 1927 1039 1972 et

276 2007 407 2066 ceterum
430 2009 587 2085 significari
608 2007 763 2078 credimus,
787 1997 950 2083 suscipiunt
969 2025 1038 2062 cor-

274 2100 415 2179 poraliter
436 2096 624 2170 reficiendos,
645 2099 745 2157 autin
765 2099 864 2176 aliquo
884 2099 1038 2177 praesentis

274 2190 341 2248 vitae
354 2210 409 2248 usu
421 2189 601 2266 adjuvandos
613 2209 721 2268 pueros
734 2201 810 2262 tuos,
823 2209 889 2247 cum
902 2187 932 2246 id
945 2209 1038 2265 quare

275 2279 439 2339 faciendum
459 2282 510 2352 sit,
526 2292 556 2338 et
573 2301 633 2358 quo
650 2281 797 2359 pertineat
813 2281 964 2358 ignorent3
982 2299 1037 2338 nec

204 2372 207 2383 '
273 2371 315 2428 illi
335 2371 405 2428 istos
426 2383 559 2446 pascunt,
577 2390 630 2428 nec
650 2372 698 2428 isti
720 2369 834 2430 abillis
854 2383 1036 2448 pascuntur:

275 2461 344 2540 quia
368 2479 422 2518 nec
446 2460 489 2519 illi
514 2460 577 2520 haec
605 2474 704 2521 sancta
726 2474 757 2520 et
781 2473 862 2520 recta
887 2463 1038 2524 voluntate

267 2563 448 2633 =operantur}
464 2542 518 2611 nec
539 2553 587 2612 isti
608 2553 813 2625 eorum'datis,
833 2553 886 2612 ubi
906 2554 1036 2612 fructum

274 2643 405 2703 nondum
418 2645 529 2716 vident,
546 2646 691 2704 laetantur.
707 2646 780 2704 Inde
792 2646 907 2724 quippe
916 2647 1037 2703 'animus

274 2735 413 2812 pascitur,
432 2736 517 2818 unde
529 2739 652 2795 laetatur.
674 2741 709 2794 Et
728 2735 796 2794 ideo
815 2737 909 2815 pisces
927 2748 956 2794 et
979 2736 1036 2794 ceti

274 2845 333 2883 nen
353 2829 510 2886 vescuntur
530 2825 617 2899 es'cis,
640 2847 712 2905 quas
735 2847 794 2885 non
816 2829 961 2906 germinat
980 2827 1036 2884 nisi

271 2915 333 2994 jam
347 2928 425 2976 terra
435 2914 476 2976 'ab
490 2915 685 2977 amaritudine
697 2919 877 2982 marinorum
892 2919 1035 2976 fluctuum

275 3006 414 3068 distincta
432 3021 519 3086 atque
539 2993 688 3068 discretas

214 3168 217 3171 Α
312 3196 320 3220 ¹
334 3191 369 3235 111
385 3191 445 3252 ch.
461 3204 526 3236 .xvu.
