2326 4020
343 505 593 568 cobmstortom
610 520 705 572 LIBER
724 527 744 574 1.
889 529 918 574 31

125 627 128 632 ·
162 613 261 676 lumen
288 612 385 672 cordis
408 613 478 685 mei,
498 628 527 674 et
544 622 628 696 panis
645 625 704 682 oris
724 625 802 684 intus
821 627 923 684 animae

163 722 247 775 meae,
266 716 296 762 et
312 703 406 762 littus
424 705 562 765 maritans
580 723 704 770 mentem
723 734 815 774 meam
833 729 863 774 et
881 719 920 775 si-

163 811 232 850 num
246 793 429 872 cogitationis
442 797 533 853 merel
544 801 609 856 Non
624 811 652 858 te
667 801 807 877 amabam,
821 819 851 864 et
862 807 922 865 lor-

165 881 284 940 nicabar
297 883 349 941 abs
369 893 409 955 te,
425 895 454 942 et
468 883 624 946 fornicanti
638 889 759 950 sonabat
776 894 922 973 undique,
1003 909 1009 924 ⁸

166 975 256 1050 Euge,
277 993 365 1051 euge:
380 974 515 1033 Amicitia
531 975 607 1036 enim
628 981 729 1038 mundi
744 982 845 1061 huJ'us,
861 987 921 1044 for—

164 1061 270 1120 nicatio
293 1077 337 1122 cst
359 1062 411 1122 abs
433 1060 639 1146 tesselinge,
659 1089 732 1148 euge
750 1071 870 1145 dicitur,
889 1089 922 1134 ot

163 1152 275 1228 pudeat
288 1153 313 1213 sl
326 1157 436 1214 nonita
450 1157 539 1216 bomo
551 1157 598 1216 sit·⁴
610 1163 647 1218 Et
658 1159 719 1220 baec
733 1183 791 1220 non
804 1163 919 1238 flebam,

161 1242 214 1300 sed
223 1241 329 1302 flebam
342 1241 485 1305 Didonem
496 1271 508 1299 a
522 1249 706 1324 exstinctam,
717 1253 853 1332 ferroque
868 1275 919 1314 ex-

162 1359 174 1384 a
189 1341 280 1391 trema
301 1347 429 1394 secutam
440 1344 481 1409 ’,ν
491 1355 614 1416 sequens
632 1341 696 1419 ipse
706 1355 836 1402 extrema
849 1365 920 1403 con-

161 1419 222 1480 dita
236 1436 303 1495 tua,
326 1425 429 1484 relicto
446 1437 474 1486 te
483 1467 491 1500 ‚
509 1441 539 1486 ct
556 1431 654 1490 terra*
670 1432 731 1491 iens
745 1435 775 1491 in
790 1448 917 1492 terram:

162 1523 191 1570 et
203 1511 228 1572 si
243 1514 418 1590 prohiberer
433 1529 467 1576 ea
485 1518 596 1596 legere,
611 1521 754 1593 dolerem,
774 1526 842 1600 quia
860 1545 918 1582 non

161 1601 286 1680 legerem
301 1606 380 1681 qood
393 1606 530 1667 dolerem.
544 1609 619 1669 Talis
634 1611 779 1670 dementia
794 1615 918 1675 honesti·

160 1710 226 1751 ores
240 1705 270 1750 et
287 1693 438 1756 uberiores
454 1694 557 1758 li'ttc'rae
577 1715 730 1780 putantur,
749 1723 836 1780 quam
860 1706 916 1760 illae

159 1781 268 1858 quibus
279 1785 377 1864 legere
391 1801 420 1846 ot
432 1788 561 1849 scribere
576 1789 676 1872 didici.

200 1872 249 1930 22.
270 1875 327 1934 Sed
347 1897 425 1936 nunc
448 1879 479 1938 in
498 1881 681 1940 animamea
713 1883 818 1941 clamet
838 1887 924 1943 Deus

157 1971 256 2036 meus,
279 1977 308 2024 et
323 1967 430 2028 veritas
443 1959 494 2028 toa
514 1971 591 2030 dicat
608 1971 679 2034 mihi
694 1977 779 2031 :Non
802 1987 845 2032 est
863 1975 916 2058 ita,

156 2069 218 2122 aaa
237 2073 281 2122 est
296 2057 352 2135 ita:
374 2057 479 2122 mellbr
501 2067 545 2121 cst
566 2071 686 2141 prorsus
710 2061 852 2124 doctrina.
867 2065 924 2118 irra-

157 2155 249 2233 prior.
260 2161 334 2215 Nam
346 2173 415 2213 ecoe
430 2152 559 2230 paratior
575 2171 639 2210 sum
650 2151 788 2213 oblivisci
803 2171 917 2210 errores

157 2247 270 2316 AEneae,
283 2255 371 2320 atque
386 2240 485 2300 omnia
497 2239 655 2318 ejusmodi,
674 2259 762 2320 quam
788 2240 917 2301 scribere

157 2344 189 2390 et
200 2334 306 2411 legere.
316 2335 355 2390 At
364 2332 440 2390 enim
452 2333 515 2390 vela
525 2331 654 2410 pendent
665 2333 815 2392 liminibus
826 2353 917 2412 gram·

159 2424 331 2482 maticarum
350 2423 515 2482 scholarum
532 2444 540 2480 τ
554 2423 677 2482 sednon
690 2425 740 2482 illa
754 2425 849 2503 magis.
861 2425 917 2480 ho-

157 2533 259 2572 norem
269 2513 387 2587 secreti,
398 2533 484 2591 quam
499 2524 697 2594 tegumentum
708 2517 819 2574 erroris
828 2515 919 2590 signi--

157 2605 255 2664 dcam.
267 2613 331 2666 Non
343 2606 468 2664 clament
478 2607 617 2666 adversus
629 2627 688 2678 mc,
699 2628 774 2691 quos
783 2607 843 2685 jam
857 2627 919 2664 nom

157 2695 260 2768 timeo,
277 2696 347 2754 dum
362 2697 502 2755 condwor
511 2696 566 2755 tibi
580 2714 645 2774 quae
659 2699 725 2756 vult
738 2699 835 2756 anima
844 2715 921 2768 mea,

158 2787 238 2844 Deus
251 2801 346 2856 meas,
360 2797 390 2844 et
402 2786 556 2863 acquiesco
572 2786 603 2844 ita
616 2786 849 2865 reprebendens
860 2804 919 2844 ma-

158 2873 252 2931 larum
273 2874 386 2933 viarum
403 2886 547 2948 mearum,
562 2888 596 2934 ut
610 2875 730 2954 diligam
743 2875 840 2936 bonas
856 2876 922 2933 vias

159 2972 231 3022 tuas.
259 2967 325 3022 Non
348 2965 475 3024 clament
498 2964 652 3024 adversum
676 2981 723 3024 mc
752 2965 922 3025 venditores

157 3053 351 3128 gmmmaticae
369 3055 416 3112 vel
437 3059 582 3132 emptores
598 3075 605 3112 τ
619 3055 688 3133 quia
707 3057 734 3116 si
754 3073 922 3136 proficuam

193 3248 202 3274 ¹
216 3238 311 3290 AEoeid.
326 3256 365 3300 vr,
378 3245 439 3290 lad.
