2394 4010
343 415 591 508 conressrouiru
609 455 703 502 imru
721 455 754 500 x.
876 457 927 504 ras

167 554 305 632 dagabiti
338 554 403 630 quis
434 553 661 630 comprehendet
693 518 856 630 quomodo⁴
871 555 926 612 sit?

170 692 171 698 ,
207 642 256 700 25.
271 647 333 719 Ego
349 651 437 713 certe,
450 642 584 712 Domine,
596 642 701 704 laboro
714 642 773 713 hic,
781 655 809 700 et
823 641 932 722 labora

167 737 198 794 in
213 735 325 811 meipso
338 754 345 790 ε
358 733 451 790 faetus
469 752 534 790 sum
551 731 623 792 mihi
637 743 715 793 terra
729 718 926 804 disiicu'itatis‚¹
1012 753 1015 759 ·

168 837 197 886 et
214 824 328 886 sudoris
346 823 437 886 nimii.
450 829 553 899 Neque
570 823 648 880 enirn
666 843 744 883 nune
763 836 927 889 scrutamur

168 915 269 991 plagas
292 913 370 982 coeli,
396 924 448 970 aut
469 912 598 970 siderum
623 911 777 972 intervalla
800 911 925 972 demeti·

168 1023 247 1077 mur,
259 1004 306 1062 vel
321 1015 404 1064 terrae
418 987 591 1062 libramenta
603 1004 760 1091 quaerimus
773 1021 848 1080 :ego
860 1009 925 1064 Sum

168 1093 221 1170 qui
236 1093 441 1175 mgminssego
456 1095 579 1162 inimus.
596 1098 661 1152 Non
679 1095 720 1154 ita
736 1094 856 1166 minim,
869 1097 894 1154 si
908 1117 931 1159 a

168 1203 215 1244 me
228 1185 313 1260 longe
328 1195 370 1259 est
383 1183 528 1261 quidquid
543 1203 596 1260 ego
610 1203 669 1242 non
689 1204 763 1244 sum.
778 1183 855 1260 Quid
869 1203 924 1242 au-

169 1287 230 1332 tem
240 1275 432 1352 propinquius
447 1273 557 1352 meipso
569 1274 643 1336 mihi
651 1277 663 1332 Ρ
671 1279 711 1336 Et
727 1295 795 1334 ecee
808 1291 925 1340 memo-

169 1363 219 1420 riae
237 1383 308 1420 meae
322 1364 370 1420 uis
388 1383 447 1420 non
467 1363 725 1440 ,comprehenditur
744 1383 761 1421 a
778 1383 839 1434 me,
858 1385 925 1424 uum

118 1445 122 1452 ’
169 1453 265 1529 ip'stnrr
281 1472 329 1510 me
346 1467 404 1517 non
417 1451 517 1518 'dicam
534 1465 639 1529 praeter
654 1452 744 1517 iiiam.
759 1453 835 1529 Quid
848 1456 925 1513 enim

169 1542 298 1601 dicturus
321 1563 385 1601 sum
410 1543 526 1620 quando
544 1543 614 1600 mihi
627 1543 745 1601 'certum
762 1555 806 1600 est
818 1546 923 1609 memi-

169 1631 244 1688 nisse
269 1650 315 1688 me
328 1631 534 1690 toblivionemi
549 1635 600 1688 ·An
625 1631 757 1702 dieturus
778 1650 842 1690 sum
865 1652 924 1690 non

171 1719 231 1778 es'se
248 1722 279 1778 in
297 1723 437 1780 memoria
450 1742 515 1780 mea
527 1723 609 1800 quod
627 1722 762 1780 memini?
775 1742 814 1780 un
830 1723 924 1781 dietu-

170 1828 220 1868 rus
233 1829 296 1868 sum
311 1811 348 1868 ad
362 1811 419 1870 hoc
432 1812 525 1870 inesse
539 1811 716 1870 oblivionem
735 1812 766 1870 in
784 1811 925 1870 memoria

171 1919 250 1972 mea,
264 1911 296 1958 ut
312 1920 370 1958 non
382 1899 556 1959 obliviscar?
568 1904 733 1978 Utrumque
749 1899 924 1960 absurdissi-

171 2009 251 2050 mum
265 2003 317 2050 est.
329 1990 406 2065 Quid
419 1990 493 2048 illud
506 1991 623 2048 tertium
632 1993 717 2069 iiquo
730 2002 818 2069 pacto
829 1989 925 2049 dicam

170 2081 322 2156 imaginem
337 2079 491 2138 oblivionis
514 2080 607 2163 terreri
620 2082 761 2162 memoria
775 2098 853 2150 mea,
866 2089 924 2137 uon

169 2170 262 2248 ipsam
276 2170 466 2249 obliuionem,
479 2184 546 2228 cum
560 2188 624 2227 eam
636 2169 776 2226 memini?
789 2173 854 2244 Quo
867 2188 923 2245 pa-

170 2272 216 2318 eto
234 2271 262 2318 et
281 2260 338 2336 hoc
356 2259 718 2338 dieaqunandoquidem
737 2279 804 2318 cum
820 2259 925 2336 impri—

169 2351 259 2410 mitur
281 2353 323 2408 rei
344 2350 484 2427 cujusque
503 2353 599 2430 imago
618 2352 649 2410 in
669 2350 823 2419 memoria,
842 2350 924 2426 ptius

164 2461 286 2500 necesse
307 2453 350 2499 est
368 2454 400 2498 ut
420 2442 494 2500 adsit
514 2463 559 2501 res
579 2443 642 2520 ipsa
657 2443 735 2502 unde
756 2441 807 2504 itta
827 2441 924 2515 imago

170 2532 260 2606 possit
291 2531 442 2606 imprimi?
474 2533 522 2592 Sic
551 2533 627 2592 enim
660 2531 839 2610 Carthaginis
862 2548 924 2586 me-

171 2622 257 2690 mini,
271 2621 312 2678 sic
326 2620 455 2678 omnium
468 2623 599 2685 locorum
613 2621 720 2698 quibus
734 2618 868 2687 interfui,
883 2619 924 2676 sie

171 2707 258 2766 facies
278 2710 427 2769 hominurn
445 2729 517 2786 quas
535 2711 611 2780 vidi3
626 2722 655 2766 et
668 2721 839 2766 eaeterorum
858 2725 925 2764 sen-

172 2813 256 2853 suum
269 2799 412 2872 nuntiata,
426 2799 467 2856 sie
480 2798 571 2874 ipsius
576 2796 717 2874 ‘eorporis
728 2797 853 2857 salutem*
863 2795 924 2853 sive

173 2881 312 2941 dolorem.
325 2891 404 2951 Cum
423 2899 529 2964 praesto
545 2886 722 2957 essentum,
735 2885 813 2964 oepit
829 2885 868 2944 ab
882 2887 924 2943 eis

171 2974 310 3050 imagines
328 2979 466 3036 memoria
483 2999 555 3056 quas
574 2979 703 3037 intuerer
714 2965 883 3057 praesentes,
895 2991 938 3036 et.
978 2993 980 3000 ’

171 3070 359 3129 retractarem
378 3069 473 3126 animo
490 3089 557 3128 eum
577 3069 627 3129 illa
643 3085 671 3128 et
689 3070 818 3130 absentia
834 3069 923 3128 remi·

171 3154 307 3214 niscerer.
321 3157 350 3216 si
370 3175 439 3234 ergo
461 3178 514 3236 per
532 3159 686 3236 imaginem
702 3179 784 3220 suam
800 3178 859 3218 non
869 3176 922 3235 per
