2352 4094
324 351 580 426 cournssmuuu
598 374 695 427 unna
711 376 756 426 xi.
868 377 921 430 ars

199 478 246 535 38.
258 477 399 536 Dicturus
408 476 631 534 sum'canticum
640 477 721 554 qnod
733 478 803 536 novi
817 499 824 535 ε
840 493 923 538 ante-

157 587 247 646 quam
261 566 415 646 incipiam,
431 567 462 625 in
474 577 568 625 totum
583 568 763 644 exspectatio
775 587 840 628 mea
855 583 922 629 teu-

156 659 256 731 ditur;
279 677 347 717 cum
363 670 461 716 autem
477 677 611 736 coepero,
632 661 774 736 quantum
794 679 830 718 ex
846 660 896 720 illa
907 661 921 687 *

157 751 188 810 in
201 750 381 828 praeteritum
393 749 582 828 decerpsero,
598 749 727 816 tenditur
737 750 768 810 in
780 753 921 810 memoria

158 859 224 900 mea
245 861 252 896 :
276 852 363 918 atque
391 839 567 899 distenditur
594 840 654 899 vita
683 841 771 919 hujus
799 842 921 901 actionis

158 951 230 990 meae
248 931 279 989 in
294 931 481 1002 memoriam,
504 944 627 1010 propter
645 931 726 1014 quod
745 929 822 1002 dixi3
845 935 921 992 etin

103 1053 108 1062 x
150 1007 421 1100 exspectationem,
443 1022 664 1100 propterquod
682 1021 813 1081 dicturus
835 1043 919 1081 sum:
954 1023 980 1084 ’.

156 1131 285 1189 praesens
306 1125 402 1171 tamen
420 1111 503 1171 ades't
523 1112 644 1173 attentio
658 1131 739 1186 mea,
761 1132 920 1191 perquam

156 1201 319 1280 trajiciatur
334 1203 414 1282 quod
435 1215 497 1262 erat
513 1203 645 1282 futurum
668 1219 702 1264 ut
723 1205 774 1262 fiat
787 1203 919 1282 ‘praeter-

156 1294 240 1352 itum.
252 1292 338 1367 Quod
350 1305 460 1371 quanto
471 1294 561 1370 magis
572 1297 668 1372 agitur
680 1308 709 1353 et
722 1295 827 1374 agitur,
838 1310 920 1356 tanto

156 1381 289 1442 breviata
308 1383 525 1461 exspectatione
546 1385 738 1462 prolongatur
760 1388 918 1461 memoria;

156 1471 250 1532 donec
271 1485 333 1532 tota
353 1473 532 1553 exspectatio
551 1487 748 1547 consumatur,
774 1496 840 1533 cum
858 1489 919 1536 tota

155 1563 205 1622 illa
229 1553 306 1622 actio
331 1563 413 1622 linita
440 1563 588 1622 transierit
613 1565 644 1622 in
671 1566 848 1623 memoriam,
882 1571 919 1624 Et

156 1652 236 1730 quod
247 1653 353 1713 in.toto
368 1653 496 1726 cantico,
511 1653 568 1713 hoc
583 1653 614 1712 in
630 1653 749 1732 siugulis
766 1654 918 1732 particulis

155 1739 219 1820 ejus
233 1744 280 1817 fit,
301 1756 389 1822 atque
402 1745 433 1802 in
447 1743 566 1823 singulis
579 1743 698 1822 syllabis
712 1743 791 1821 ejus3
814 1745 870 1803 hoc
885 1746 917 1802 iu

156 1835 268 1895 actione
281 1836 426 1917 longiore,
440 1835 525 1914 cujus
538 1837 615 1895 forte
628 1836 772 1914 particula
786 1850 828 1907 est
842 1836 917 1895 illud

156 1927 318 1998 canticum3
339 1927 436 1986 hocin
451 1939 511 1985 tota
524 1927 582 1986 vita
592 1927 718 1986 hominis
729 1971 736 1998 ,
747 1925 838 2010 'cujus
849 1947 917 2004 par-

156 2028 198 2074 tes
216 2015 404 2076 sunt'cmnes
421 2017 548 2076 actiones
562 2017 704 2088 hominis3
727 2017 783 2075 hoc
802 2018 832 2074 in
851 2029 914 2075 tcto

155 2106 260 2164 saeculo
282 2106 410 2166 filiorum
431 2107 598 2180 hominum,
628 2107 711 2185 cujus
730 2118 827 2186 partes
848 2119 915 2165 sunt

154 2214 253 2263 omnes
270 2196 335 2256 vitae
351 2197 511 2257 hominurn,

394 2318 531 2446 claun
549 2346 667 2426 xxm.

178 2529 208 2576 Se
224 2526 250 2575 iu
270 2527 409 2593 temporalia
429 2527 561 2579 distentum
579 2529 646 2595 cupit
662 2529 687 2576 in
702 2515 784 2577 Deum
798 2525 884 2591 colligi¹

190 2671 241 2730 39.
257 2673 313 2732 Sed
327 2673 465 2751 quoniam
475 2673 579 2732 melior
591 2686 636 2733 est
647 2673 847 2732 misericordia
861 2686 912 2732 tua

154 2780 241 2840 super
258 2761 333 2821 vitas
343 2771 363 2836 ¹,
381 2781 450 2824 ecce
471 2761 608 2821 distentio
630 2775 674 2821 est
694 2762 755 2821 vita
778 2783 858 2835 mea,
882 2777 912 2822 et

154 2869 201 2910 me
220 2851 348 2931 suscepit
366 2852 487 2912 dextera
505 2864 555 2911 tua
574 2852 605 2910 in
620 2853 746 2912 Domino
763 2873 827 2914 meo
846 2874 910 2913 me·
971 2895 973 2899 .

153 2940 267 3000 diatore
290 2943 366 3002 Filio
387 2941 513 3000 hominis
537 2941 614 3010 inter
638 2955 669 3016 te
691 2963 782 3004 unum
805 2958 834 3004 et
856 2965 910 3004 nos
992 2961 996 2980 ¹

190 3116 198 3140 ¹
212 3101 275 3159 Psal-
290 3123 353 3166 nau,
365 3109 388 3156 l.
