2394 4010
293 449 344 498 302
479 445 505 492 S.
524 444 705 494 anuust'tttt
723 443 865 493 EPISCOPI

290 549 356 626 ejus
369 558 457 617 esset,
471 563 530 604 non
547 543 690 604 inveniret
703 564 777 603 eam.
790 550 863 604 Cum
879 546 955 603 enim
975 559 1050 604 esset

291 627 423 708 inventa,
437 635 516 694 unde
536 637 623 694 sciret
638 647 738 694 utrum
751 636 815 712 ipsa
834 648 921 708 esset,
939 636 963 693 si
984 653 1048 694 me-

293 747 358 788 mor
375 727 438 805 ejus
457 745 515 785 non
529 727 621 784 esset?
632 723 729 784 Multa
739 726 859 785 memini
869 745 921 784 me
933 725 1050 802 perdita

293 819 429 895 quaesisse
443 829 530 894 atque
543 816 696 874 iuvenisse.
709 815 780 876 Inde
797 815 874 873 istud
888 815 963 888 scio,
978 817 1049 892 quia

245 945 248 954 Δ
292 929 359 970 cum
385 927 544 986 quaererem
568 906 677 984 aliquid
703 925 819 976 eorum,
846 919 875 965 et
899 905 1048 966 diceretur

293 999 379 1072 mihi,
390 1003 466 1057 Num
481 997 555 1055 forte
568 997 625 1054 hoc
638 1008 693 1067 est,
707 1014 776 1054 num
789 995 864 1055 forte
876 995 967 1054 illud?
977 1010 1049 1056 tam-

293 1091 345 1148 diu
359 1088 505 1158 dicebam,
517 1092 582 1146 Non
592 1099 647 1158 est,
661 1087 752 1145 donec
761 1086 792 1144 id
803 1087 960 1144 offerretur
968 1087 1048 1164 quod

292 1177 469 1258 quaerebam.
484 1175 572 1254 Cujus
586 1176 641 1234 nisi
654 1195 766 1234 memor
781 1195 888 1247 essem,
904 1177 1048 1254 quidquid

292 1268 366 1328 ittud
382 1279 472 1338 esset,
485 1268 573 1326 etiam
588 1267 612 1325 si
632 1267 703 1326 mihi
723 1268 881 1326 offerretur
891 1287 949 1326 non
963 1269 1047 1328 inve·

293 1359 398 1431 mrem,
412 1357 480 1434 quia
494 1376 552 1414 non
566 1375 761 1434 agnoscerem.
777 1361 814 1414 Et
824 1377 938 1436 semper
948 1358 989 1416 ita
1001 1359 1047 1429 fit,

294 1469 360 1508 cum
374 1447 484 1526 aliquid
496 1447 645 1526 perditum
661 1448 818 1525 quaerimus
835 1462 863 1507 et
873 1450 1044 1508 invenimus.

293 1546 498 1599 Verumtamen
517 1537 541 1597 si
562 1535 638 1596 bite
660 1539 771 1616 aliquid
791 1539 829 1597 ab
845 1541 1045 1617 oculisperit,

293 1651 351 1688 uon
373 1651 390 1688 a
408 1629 561 1698 memoria,
575 1629 667 1688 veluti
686 1649 791 1708 corpus
808 1629 961 1707 quodlibet
974 1628 1045 1688 visi-

293 1719 367 1790 bile,
393 1729 508 1777 teuetur
532 1719 611 1776 intus
635 1718 732 1794 imago
753 1717 830 1795 ejus,
854 1731 883 1776 et
905 1719 1047 1796 quaeritur

294 1812 386 1870 donec
407 1810 547 1868 reddatur
567 1809 705 1886 aspectui.
718 1809 803 1884 Quod
815 1829 881 1868 cum
897 1809 1046 1868 inventum

294 1903 397 1974 fuerit,
413 1921 449 1958 ex
463 1900 587 1976 imagine
601 1918 665 1975 qnae
677 1900 754 1958 intus
765 1913 808 1959 est
818 1901 1044 1977 recognoscitur.

293 1996 353 2050 Nec
374 1990 518 2050 invenisse
540 2009 592 2048 nos
612 1989 735 2048 dicimus
759 1992 838 2068 quod
859 1991 1003 2070 perierat,
1022 1993 1046 2050 si

293 2099 351 2138 non
372 2080 569 2158 agnoscimus;
583 2099 639 2138 nec
660 2097 816 2156 agnoscere
836 2099 1001 2158 possumus,
1022 2081 1046 2138 si

294 2191 352 2229 non
378 2170 561 2230 meminimus
583 2190 602 2227 :¹
616 2169 667 2228 sed
693 2169 750 2230 hoc
777 2171 905 2248 perierat
929 2170 1044 2247 quidem

294 2262 403 2332 oculis,
421 2261 561 2319 memoria
579 2259 740 2319 tenebatur.

550 2449 683 2555 uAPUT
704 2452 790 2514 xlx.

541 2621 607 2686 Quid
620 2622 653 2672 sit
669 2623 799 2672 reminisci.
865 2679 866 2682 Ἴ

335 2790 383 2848 28.
404 2791 482 2866 Quid
496 2812 563 2851 cum
579 2794 643 2870 ipsa
658 2794 799 2851 memoria
813 2792 909 2870 perdit
923 2793 1047 2870 aliquid,

294 2882 369 2942 sicut
384 2881 417 2938 fit
431 2901 498 2939 cum
511 2882 727 2952 obliviscimur,
741 2894 770 2940 et
783 2883 939 2960 quaerimus
955 2896 988 2940 ut
999 2901 1048 2940 re-

296 2970 470 3030 cordemur?
481 2972 540 3030 Ubi
556 2972 673 3032 tandem
687 2973 859 3050 quaerimus,
874 2974 929 3032 nisi
942 2975 973 3032 in
987 2974 1050 3052 ipsa

296 3061 454 3120 memoria?
472 3065 508 3118 Et
526 3061 569 3120 ibi
585 3063 609 3120 si
623 3062 704 3120 aliud
719 3083 773 3140 pro
786 3064 843 3122 alio
856 3063 930 3123 forte
946 3064 1051 3123 offera-

297 3162 353 3220 tur,
365 3151 537 3227 respuimus,
548 3150 639 3209 donec
653 3151 725 3210 illud
737 3165 872 3212 occurrat
884 3154 963 3229 quod
974 3173 1051 3230 quae-
