2316 4020
307 430 561 482 commortua
579 426 674 480 ntum
692 429 737 479 Vl.
855 433 904 482 1⁵⁵

143 537 257 612 Corripe
272 542 444 611 sapientem,
461 546 490 590 et
505 533 615 590 amabit
624 547 651 591 te
663 545 681 590 ¹.
696 537 735 592 At
749 551 803 612 ego
821 530 904 597 illum

136 627 196 704 jam
212 648 271 685 non
283 626 500 703 corripueram3
514 625 565 683 sed
578 637 663 684 utens
674 637 707 684 tu
718 625 869 711 omnibns,
876 639 906 686 et

139 713 300 776 scientibus
313 729 344 774 et
356 714 567 788 nescientibus,
581 714 684 774 ordine
700 717 863 793 (mamad,
876 731 906 781 ct

139 807 188 866 ille
200 807 276 868 ordo
282 807 381 885 justus
395 819 452 879 est,
462 807 499 865 de
512 805 602 864 corde
616 819 645 864 et
656 801 759 883 lingua'
769 790 833 866 mea
844 824 905 868 car-

140 895 231 954 bones
256 896 392 962 ardentes
415 907 553 973 operatus
575 915 621 969 eu,
643 893 751 973 quilius
768 910 904 974 ,mentem

140 986 204 1064 spei
221 985 310 1044 bonae
332 1005 349 1043 a
391 1005 471 1044 reres
493 983 702 1057 tabescentem,
722 1005 757 1044 ac
777 1007 902 1051 sanares.

139 1081 247 1135 Taceat
262 1073 365 1137 laudes
383 1075 446 1135 tuis
457 1077 520 1154 ,qni
537 1076 737 1136 miserationes
758 1088 825 1135 tuas
844 1097 904 1138 non

141 1167 320 1241 considerat,
337 1185 403 1242 quae
417 1165 470 1224 tibi
484 1166 521 1223 de
534 1165 669 1246 medullis
683 1166 755 1224 meis
765 1169 905 1228 confiten-

141 1269 199 1316 tur.
214 1256 331 1315 Etenim
344 1257 394 1314 ille
410 1261 476 1334 poet
491 1257 542 1316 illa
557 1255 649 1316 verba
665 1255 811 1334 proripuit
821 1277 853 1320 te
866 1280 904 1319 ex
994 1253 1000 1262 ’

141 1347 228 1406 fovea
248 1359 308 1405 tam
321 1347 393 1418 alta,
411 1365 470 1424 qua
484 1346 610 1411 libenter
623 1346 855 1426 demergebatur,
873 1363 905 1410 et

141 1454 210 1496 cum
234 1435 393 1496 miserabili
414 1435 584 1515 voluptate*
602 1435 779 1510 cacabatum
802 1449 831 1499 et
851 1457 904 1496 ex·
937 1454 950 1476 ¹

141 1527 233 1586 euasit
246 1526 377 1590 aninum
386 1527 455 1584 forti
470 1526 679 1605 temperantia,
689 1538 718 1584 et
728 1527 905 1588 resiluerunt

140 1637 245 1676 ornnes
266 1616 445 1676 Circensium
468 1617 568 1676 sordes
590 1615 627 1674 ab
652 1633 702 1688 eo,
721 1617 905 1696 ampliusque

139 1707 212 1766 illuc
234 1728 294 1766 non
312 1703 439 1788 accessit.
452 1707 566 1768 Deinde
581 1719 694 1784 patrem
713 1707 903 1767 reluctantem

141 1797 244 1870 evicit,
255 1811 288 1856 ut
297 1819 344 1869 me
354 1799 491 1876 magistro
501 1809 635 1856 uteretur
645 1817 652 1852 ε
662 1797 747 1856 cessit
755 1795 805 1854 ille
817 1807 907 1872 atque

142 1888 298 1946 concessit.
315 1891 352 1945 Et
370 1887 539 1971 audire—me
560 1904 662 1949 rursus
681 1885 839 1963 incipiens,
854 1886 905 1944 illa

140 1997 260 2036 mecum
282 1977 485 2055 superstitione
505 1977 654 2038 involutus
674 1988 732 2047 est,
753 1991 852 2034 amans
874 1975 906 2033 io

141 2067 313 2126 Manichaeis
341 2067 564 2128 ostentationem
591 2052 909 2142 conumntiae,'quam=

142 2176 247 2216 reram
266 2169 296 2215 et
316 2155 488 2234 germanam
501 2157 632 2234 putabat.
651 2161 721 2214 Erat
736 2150 837 2214 tutem
854 2155 905 2214 illa

142 2267 249 2306 vecors
263 2259 294 2324 et
304 2247 486 2320 seductorii,
500 2249 641 2325 pretiosas
653 2248 762 2307 animas
775 2258 906 2325 captans,

143 2337 277 2398 nondum
297 2337 418 2406 virtutis
427 2337 609 2405 altitudinem
629 2339 751 2400 scienter
769 2351 904 2416 tangere,

145 2440 176 2486 et
196 2414 352 2505 superficie
373 2425 469 2504 decipi
488 2427 603 2502 faciles,
620 2429 671 2488 sed
688 2441 783 2488 tamen
800 2426 904 2485 adum-

80 2565 82 2570 ,
144 2519 238 2576 bratae
253 2517 453 2596 simulataque
466 2519 591 2578 virtutis.

184 2705 193 2730 ¹
206 2700 278 2746 Prov.
295 2713 333 2756 tx,
345 2702 370 2748 8.
