2326 4020
283 525 316 570 62
467 523 493 570 S.
509 519 690 570 AUGUSTINI
707 519 849 568 EPISCOPI

281 623 445 680 misericors
462 619 672 692 contristabar3
692 632 721 677 et
736 631 895 696 utrumque
908 619 1040 680 delecta·

280 712 331 771 bat
343 725 449 789 tamen.
463 718 547 772 Nunc
560 729 631 768 vero
645 709 735 788 magis
750 710 889 768 misereor
900 709 1037 788 gaudeu-

265 801 388 859 ternio
408 800 534 880 flagitio,
560 820 648 876 quam
668 800 750 856 velut
768 798 843 857 dura
864 819 1037 878 perpessum

181 928 183 932 f
281 889 455 948 detrimento
483 889 652 967 perniciosae
681 889 857 965 voluptatis,
889 901 918 947 et
948 892 1037 950 amis-

281 981 360 1037 sione
379 981 490 1039 miserae
510 978 664 1038 felicitatis.
681 982 751 1035 Haec
771 991 850 1036 certe
863 979 962 1036 verior
981 981 1039 1038 mi·-

280 1070 452 1142 sericordia3
467 1069 590 1128 sednon
607 1069 637 1126 in
652 1089 686 1127 ea
698 1067 823 1126 delectat
836 1067 921 1128 dolor
928 1071 948 1125 *.
962 1074 1036 1129 Nam

263 1163 333 1232 'etsi
345 1160 525 1240 approbatur
540 1159 638 1218 officio
653 1159 801 1217 eharitatis
817 1159 867 1235 qui
883 1159 963 1218 dolet
978 1163 1036 1219 mi-

280 1272 396 1324 serum3
426 1251 526 1310 mallet
547 1265 643 1320 tamen
669 1249 770 1326 utique
789 1269 849 1330 nou
869 1269 931 1308 esse
954 1253 1036 1327 quod

280 1343 405 1414 doleret,
420 1342 472 1418 qui
485 1342 661 1419 germanitus
674 1340 837 1398 misericors
849 1353 901 1398 est.
915 1342 945 1400 si
957 1343 1032 1400 enirn

280 1445 323 1491 est
337 1433 478 1492 malevola
495 1430 710 1504 benevolentia,
730 1431 810 1508 quod
824 1431 887 1489 lieri
903 1452 961 1490 non
977 1453 1033 1510 po-

280 1535 354 1594 test3
374 1534 470 1600 potest
488 1534 517 1580 et
532 1522 582 1580 ille
597 1522 648 1599 qui
665 1521 810 1588 veraciter
826 1522 1033 1600 sinceriterque

279 1614 445 1684 miseretur,
464 1631 572 1690 cupere
588 1631 650 1670 esse
666 1611 786 1669 miseros
805 1624 838 1668 ut
854 1611 1031 1670 misereatur.

280 1704 443 1762 Nonnullus
466 1703 565 1779 itaque
587 1701 672 1759 dolor
691 1697 912 1779 approbandus,
936 1701 1034 1760 nullus

281 1795 421 1853 amandus
435 1807 487 1852 est.
504 1798 568 1853 Hoc
580 1793 657 1852 enim
668 1805 717 1865 tu,
735 1792 859 1850 Domine
869 1796 948 1850 Deus
956 1834 965 1863 ,
981 1794 1043 1870 qui

282 1887 390 1944 animas
405 1905 500 1957 umas,
520 1886 605 1962 longe
621 1883 736 1960 lateque
750 1883 853 1960 purius
868 1898 955 1960 quam
969 1901 1033 1952 nos,

281 1985 310 2030 et
321 1971 571 2050 incorruptibilius
580 1969 739 2042 misereris,
753 1970 832 2047 quod
842 1970 922 2028 nullo
930 1969 1033 2030 dolore

281 2063 426 2122 sauciaris.
444 2067 480 2120 Et
493 2062 531 2119 ad
545 2060 607 2118 haec
621 2061 686 2137 quis
699 2060 844 2119 idoneus?

321 2152 346 2210 4.
371 2157 410 2210 At
432 2171 486 2230 ego
509 2164 579 2209 tunc
598 2151 686 2209 miser
706 2152 813 2210 dolere
828 2151 979 2221 amabam,
1005 2166 1034 2210 et

281 2240 447 2317 quaerebam
471 2255 504 2316 ut
530 2254 605 2299 esset
630 2241 710 2316 quod
736 2240 884 2311 dolerem,
915 2242 1033 2318 quaudo

280 2330 352 2388 mihi
365 2331 396 2387 in
410 2319 537 2388 aerumna
548 2331 659 2401 aliena,
681 2343 710 2387 et
725 2330 813 2401 falsa,
832 2344 862 2388 et
878 2330 1034 2404 saltatoria,

281 2437 315 2477 ea
343 2419 433 2496 magis
461 2417 597 2496 placebat
625 2419 701 2477 actio
729 2419 899 2492 histrionis,
928 2441 1033 2499 meque

254 2544 255 2548 =
280 2508 426 2567 alliciebat
438 2509 652 2581 vehementius,
671 2529 729 2587 qua
745 2510 816 2568 mihi
828 2511 962 2588 lacrymae
978 2533 1033 2571 ex-

280 2597 474 2660 cutiebantur.
498 2599 575 2673 Quid
597 2611 693 2659 autem
716 2600 822 2659 mirum
845 2621 913 2660 cum
933 2601 1033 2660 infelix

279 2707 369 2765 pecus
389 2688 526 2748 aberrans
545 2708 562 2746 a
577 2708 663 2766 grege
678 2689 751 2762 tuo„
762 2703 792 2748 et
808 2691 960 2768 impatiens
977 2711 1033 2748 cu-

279 2779 381 2850 stodiae
392 2792 448 2838 tuae
463 2778 542 2863 turpi
554 2779 651 2838 scabie
662 2781 806 2840 foedarer?
823 2785 859 2839 Et
871 2781 939 2840 inde
951 2796 1035 2841 erant

281 2867 415 2926 dolorum
437 2888 564 2942 amores,
584 2889 643 2926 uon
661 2869 768 2947 quibus
788 2871 873 2929 altius
894 2884 1033 2948 penetra-

279 2976 346 3029 rer;
372 2960 526 3017 nonenim
545 2959 678 3020 amabam
698 2960 766 3018 talia
785 2961 918 3038 perpeti,
936 2962 1035 3038 qualia

280 3060 428 3126 spectare3
448 3049 498 3108 sed
510 3051 617 3127 quibus
632 3050 739 3132 auditis
754 3064 784 3110 et
794 3052 878 3124 lictis,
896 3065 1035 3130 tauquam

279 3140 310 3196 iu
329 3140 481 3217 superficie
498 3141 618 3199 raderer
636 3162 642 3199 :
662 3161 735 3218 quos
758 3155 853 3200 tamen
875 3143 958 3219 quasi
979 3161 1037 3200 uu-

281 3249 351 3308 gues
369 3230 559 3307 scalpentium
577 3231 706 3289 fervidus
723 3243 829 3303 tumor,
848 3244 877 3289 et
895 3229 991 3305 tabes,
1007 3246 1037 3290 et
