2326 4020
227 489 260 534 ³2
412 487 438 534 s.
456 485 640 562 ausurum
656 487 800 538 urrsoom
875 441 888 462 ⁹

227 587 281 658 eis,
291 586 473 662 interrogans
490 597 588 642 utrum
602 605 704 644 verum
716 586 754 644 sit
766 583 847 664 quod
865 588 986 644 AEneam

226 675 381 754 aliquando
396 675 598 752 Carthaginem
612 675 725 734 venisse
739 680 828 734 Poeta
841 675 926 747 dioit3
940 666 986 734 iu-

227 767 373 826 doctiores
396 786 427 826 se
445 766 558 826 nescire
573 765 816 843 respondebunt,
840 766 986 826 doctiores

227 871 323 918 autem
341 859 429 916 etiam
441 857 591 935 negabunt
610 877 712 920 verum
729 877 801 916 esse.
814 863 853 916 At
866 857 890 916 si
901 875 986 934 quae-

226 970 288 1008 ram
310 948 419 1028 quibus
443 947 547 1008 litteris
577 945 722 1033 scribatur
741 953 840 1008 AEneae
867 967 988 1017 nomeu,

226 1059 326 1098 omues
340 1039 425 1110 mihi,
436 1038 488 1116 qui
498 1038 560 1096 haec
571 1037 746 1110 didicmrnt,
756 1057 859 1096 verum
869 1058 986 1116 respon·

226 1129 352 1203 debunt3
366 1128 526 1188 secundum
539 1127 570 1185 id
583 1140 703 1206 pactum
712 1142 741 1187 et
755 1127 909 1207 placitum,
926 1147 986 1205 quo

226 1223 301 1279 inter
316 1239 347 1279 se
358 1217 501 1302 'homines
518 1219 574 1277 ista
587 1218 668 1298 signa
686 1219 848 1278 firmarunt.
863 1222 951 1287 Item,
962 1217 987 1275 si

227 1331 355 1388 quaeram
370 1309 442 1388 quid
457 1309 564 1368 horum
577 1307 688 1386 majore
698 1308 766 1367 vitae
779 1307 868 1388 hujus
878 1309 988 1366 iucom-

227 1401 315 1461 ruodo
329 1400 452 1479 quisque
467 1399 673 1472 obliviscatur,
684 1400 781 1478 legere
798 1412 827 1458 et
844 1397 987 1474 scribere,

226 1501 263 1550 an‘
274 1492 390 1571 poetica
410 1492 460 1550 illa
472 1493 620 1570 figmentm
636 1491 702 1568 quis
722 1511 781 1550 uon
795 1491 895 1549 videat
914 1489 987 1568 quid

226 1602 419 1660 responsurus
431 1583 477 1654 sit,
488 1583 539 1660 qui
551 1601 609 1640 nou
622 1595 665 1642 est
677 1582 792 1659 penitus
804 1581 913 1642 oblitus
924 1581 988 1640 sui?

226 1673 387 1733 Peccabam
402 1693 471 1752 ergo
486 1661 560 1750 puer
577 1688 643 1730 curn
657 1673 708 1730 illa
721 1673 818 1736 inania
836 1671 896 1730 istis
910 1671 989 1730 utili·

227 1763 328 1822 oribus
340 1783 440 1822 amore
456 1763 677 1842 praeponebam,
689 1764 735 1822 vel
747 1757 845 1841 potiris
856 1764 910 1823 ista
920 1762 988 1822 ode·

227 1875 304 1928 ram,
326 1856 377 1915 illa
407 1853 550 1914 amabam.
569 1859 706 1914 Jamvero
727 1873 819 1912 uuum
842 1867 871 1913 et
895 1872 987 1912 unum

168 2011 172 2018 .
227 1945 300 2016 duo,
318 1946 378 2006 duo
400 1959 430 2006 et
441 1945 500 2004 duo
519 1957 660 2022 quatuor,
679 1943 780 2004 odiosa
804 1944 900 2004 cantio
916 1943 996 2004 mih'u

227 2049 306 2103 erat3
332 2032 586 2113 etfidulcissimum
603 2036 818 2110 ‘spectaculum
853 2035 990 2100 vanitatis
1150 2029 1160 2074 ⁴¹

228 2140 320 2198 equus
336 2121 448 2198 ligneus
461 2123 565 2196 plenus
584 2124 716 2193 armatis,
730 2138 759 2185 et
773 2125 867 2204 Trojae
885 2126 990 2184 iucen-

228 2211 322 2282 dium,
340 2223 428 2287 atque
440 2209 532 2288 ipsius
548 2210 652 2270 umbra
669 2215 783 2282 Creusae
797 2217 828 2270 ¹.'
889 2249 893 2256 ·

487 2385 620 2450 orror
641 2389 730 2472 xm.

442 2543 547 2594 Litteras
570 2561 659 2620 graecas
679 2545 772 2597 oderat.

270 2684 316 2742 23.
339 2669 491 2765 Cur⁹orgo
515 2707 639 2764 maecarn
659 2687 746 2748 etiam
771 2691 988 2767 grammaticam

230 2777 348 2836 oderam
364 2780 433 2837 talia
454 2783 722 2840 cantantemPNam
733 2792 763 2839 et
777 2783 922 2839 Homerus
940 2799 990 2857 po

231 2867 302 2924 ritus
318 2879 416 2925 texere
431 2868 502 2926 tales
518 2867 651 2940 fabellas,
666 2883 695 2928 et
709 2869 874 2930 dulcissime
897 2873 990 2928 varius

231 2970 287 3027 est,
302 2955 331 3014 e't
350 2956 421 3015 mihi
436 2970 533 3016 tamen
551 2979 666 3018 amarus
680 2973 749 3020 ‘erat
772 2980 875 3038 puero.
895 2958 990 3019 Credo

231 3049 317 3105 etiam
332 3047 432 3125 graecis
445 3050 546 3125 pueris
564 3051 701 3128 VIrgilius
716 3051 757 3110 ita
773 3052 825 3124 sit,
839 3072 906 3111 cum
922 3070 989 3110 eum

269 3228 276 3249 ¹
293 3216 429 3267 AEueid.1i.
