2316 4020
213 431 686 546 mqqptqssssltgqqttttquu
703 445 735 490 v,
861 448 908 494 ras

153 559 186 602 tu
200 543 418 620 cujus-munere
433 542 497 599 talis
513 521 587 616 erat,
603 555 800 602 contemneres
817 557 846 602 et
861 565 910 602 re-

151 632 278 710 pelleres
292 627 330 688 ab
344 630 453 687 auxilio
474 632 542 688 tuo?
557 633 762 709 Nequaquam,
776 634 909 692 Domine.

152 729 218 782 lmo
236 743 309 780 vero
334 722 452 793 aderas,
471 735 500 780 et
522 723 717 797 exaudiebas,
736 737 765 782 et
785 727 911 786 faciebas

132 801 710 896 (ordinesque-praedestinaveras>esse
734 811 930 904 faciendum

152 903 238 962 Absit
252 914 287 960 ut
310 915 342 960 tu
360 903 475 960 falleres
496 903 608 966 eumin
628 905 686 963 illis
703 905 864 965 visionibus
884 920 913 965 et

154 993 302 1070 responsis
314 993 388 1065 tuis,
400 1011 467 1068 quae
476 992 538 1069 jam
553 996 795 1067 commemoravi,
807 1009 837 1054 et
850 1015 914 1074 quae

150 1083 465 1152 noncommcmoravi
479 1102 543 1159 quae
552 1082 602 1140 illa
612 1081 691 1142 fideli
704 1097 824 1163 pectore
839 1097 916 1144 tene-

153 1175 209 1236 bat
217 1196 228 1244 3
237 1186 267 1231 et
279 1192 393 1250 semper
403 1193 503 1244 orans,
514 1185 650 1251 tanquam
662 1175 857 1256 chirographa
867 1189 917 1236 tua

157 1263 312 1344 ingerebat
329 1262 392 1321 tibi.
409 1263 543 1340 Dignaris
560 1263 651 1334 euim,
667 1265 804 1342 quoniam
818 1268 848 1326 in
862 1288 915 1326 sae-
938 1284 953 1301 '¹
981 1285 996 1330 ’ς
1012 1283 1019 1309 ³
1037 1299 1058 1312 ·-

157 1352 260 1412 culum
274 1353 472 1412 misericordia
488 1366 551 1426 trra,
569 1355 610 1412 eis
627 1355 733 1430 quibus
748 1357 844 1416 omnia
862 1359 916 1415 de-

155 1441 222 1504 bita
234 1443 372 1518 dimittis,
383 1445 471 1504 etiam
483 1444 723 1522 promissionibus
733 1447 790 1506 tuis
799 1446 915 1506 debitor

156 1534 231 1598 fieri.

439 1662 572 1724 CAPUT
593 1663 632 1728 X.

231 1827 331 1878 Errores
346 1831 402 1876 aule
418 1837 556 1896 susceptam
568 1827 692 1894 Evangelii
704 1827 845 1880 ilocuiuam.
940 1845 943 1853 ·

203 1977 250 2035 18.
263 1980 413 2036 Recreasti
427 1997 498 2056 crgo
515 1989 563 2038 mo
576 1979 614 2036 ab
627 1979 678 2037 illa
689 1977 874 2057 egritudine,
888 1993 918 2038 et

160 2068 274 2127 salvum
289 2067 382 2126 fecisti
394 2067 488 2126 filium
504 2068 615 2126 ancillae
631 2080 700 2139 tuae,
719 2080 789 2126 tunc
801 2069 918 2127 iuterim

160 2176 301 2235 corpore,
316 2169 349 2214 ut
367 2170 442 2214 esset
459 2158 507 2215 cui
527 2157 647 2215 salutem
667 2157 816 2215 meliorem
831 2171 919 2234 atque

161 2246 318 2306 certiorem
333 2245 424 2302 dares.
435 2249 472 2303 Et
481 2243 630 2324 jungebar
636 2245 721 2304 etiam
738 2259 807 2305 tunc
818 2251 919 2305 Romae
939 2282 941 2285 -

161 2334 243 2392 falsis
256 2334 313 2392 illis
330 2347 417 2410 atque
431 2333 597 2392 fallentibus
618 2336 724 2398 sanetis
741 2356 748 2392 ε
771 2337 920 2395 nonenim

162 2436 277 2490 tan-tum
291 2422 475 2488 auditoribus
489 2443 607 2496 eorum,
623 2443 749 2501 quorum
767 2445 920 2484 enumero

162 2527 227 2572 erat
249 2514 335 2572 etiam
354 2515 380 2572 is
397 2515 428 2572 in
446 2514 529 2591 cujus
554 2515 641 2573 domo
664 2517 871 2592 aeqrotaveram
893 2529 921 2573 et

163 2605 371 2663 convalueram
381 2626 389 2676 ;
401 2605 451 2663 sed
462 2606 503 2664 eis
514 2604 600 2664 etiam
609 2625 682 2682 quos
692 2606 798 2663 electos
806 2617 919 2662 vocant.

165 2693 272 2752 Adhuc
290 2695 366 2752 enim
381 2694 453 2752 mihi
468 2694 624 2754 videbatur
641 2714 701 2751 non
718 2712 780 2751 esse
800 2713 852 2750 nos
871 2695 923 2770 qui

164 2801 337 2862 peccamus,
348 2784 402 2842 sed
415 2785 514 2843 nescio
524 2802 611 2861 quam
620 2781 705 2851 aliam
713 2781 745 2840 in
758 2770 843 2840 nobis
855 2801 924 2861 pec-

163 2891 234 2930 'oare
248 2885 399 2944 naturam3
414 2887 443 2931 et
464 2871 628 2932 delectabat
648 2870 814 2949 superbiam
829 2891 922 2932 meam

167 2975 250 3020 extra
264 2963 381 3040 culpam
395 2983 474 3036 esse3
491 2976 520 3021 et
536 2983 602 3022 cunt
616 2962 728 3040 aliquid
746 2963 815 3021 mali
837 2964 924 3022 fecis-

166 3071 246 3122 sem,
258 3071 318 3109 non
332 3053 463 3111 confiteri
485 3071 531 3111 me
549 3045 667 3124 iecisse,
680 3063 712 3110 ut
728 3071 844 3111 sanares
858 3053 923 3111 ani-

167 3160 246 3214 mam
258 3161 351 3200 meam
357 3184 366 3212 ,
384 3143 520 3220 quoniam
534 3141 676 3221 peccabat
690 3141 758 3214 tibi;
770 3142 822 3199 sed
834 3149 924 3199 excuss
