2384 4052
313 441 563 493 CONFESSIONUM
579 443 674 492 LIBER
692 445 726 492 X.
847 445 896 490 309

142 535 232 613 dium,
244 541 346 617 utique
358 554 456 598 amant
470 543 555 600 etiam
570 545 722 602 veritatem
731 564 742 614 ;
751 562 805 600 nec
819 561 898 600 amau

141 644 206 688 rent
223 633 278 690 nisi
301 643 375 690 esset
395 632 493 707 aliqua
513 634 614 691 notitia
634 631 696 710 ejus'
715 635 745 690 in
759 633 898 691 memoria

141 740 251 779 eorum.
265 725 324 780 Cur
341 741 410 798 ergo
428 742 487 779 non
501 722 538 781 'de
554 725 603 781 iila
617 719 761 800 gaudent?
776 743 829 782 cur
841 742 899 780 non

140 806 219 868 beati
231 812 398 885 suntiQuia
413 811 515 868 fortius
530 825 710 890 occupantur
724 812 823 871 inediis
833 832 898 888 quae

140 900 239 973 potius
262 919 311 958 eos
335 900 444 956 faciunt
460 901 594 972 miseros,
606 899 693 977 quam
706 901 778 959 illud
798 900 899 960 beatos

140 989 222 1063 quod
248 990 372 1064 tenuiter
399 991 599 1048 meminerunt.
613 990 717 1048 Adhuc
738 991 814 1049 enim
836 1010 900 1048 mo-

141 1077 241 1138 dicum
270 1080 368 1138 lumen
394 1093 437 1138 est
463 1081 494 1137 in
520 1078 707 1153 hominibus;
736 1081 899 1152 ambulent,

141 1169 306 1242 ambulent,
318 1191 354 1229 ne
366 1191 415 1229 eos
428 1169 813 1248 tenebrae-comprehendant
825 1181 845 1226 ¹.

182 1256 230 1316 34.
252 1262 309 1318 Cur
325 1273 422 1318 autem
437 1261 544 1318 veritas
567 1258 645 1337 parit
664 1258 776 1330 odium,
794 1270 822 1317 et
839 1258 898 1317 ini-

141 1349 235 1407 micus
250 1349 291 1407 eis
308 1347 400 1408 factus
416 1363 463 1408 est·
479 1351 568 1408 homo
590 1359 657 1408 tuus
670 1368 772 1408 verum
788 1349 898 1427 praedi-

142 1457 228 1512 cans,
242 1460 309 1498 cum
323 1453 438 1499 ametur
449 1439 535 1499 beata
547 1440 624 1513 vita,
636 1460 701 1517 quae
714 1459 773 1497 uon
789 1451 832 1498 est
844 1439 900 1498 nisi

134 1530 282 1606 'gaudium
308 1530 344 1588 de
372 1530 522 1588 veritate:
543 1531 598 1588 nisi
624 1531 693 1608 quia
720 1529 761 1589 sic
788 1542 900 1586 amatur

140 1617 268 1690 veritas,
284 1631 317 1678 ut
330 1621 507 1697 quicumque
522 1620 600 1677 aliud
615 1631 728 1692 amant,
749 1618 806 1676 hoc
822 1618 901 1695 quod

141 1723 243 1768 amant
260 1712 349 1769 velint
369 1731 431 1770 esse
448 1713 616 1783 veritatem,
627 1723 657 1768 et
679 1709 746 1787 quia
761 1709 822 1766 falli
845 1727 899 1764 no-

142 1801 223 1873 lunt,
244 1802 345 1860 nolunt
364 1800 495 1860 convinci
510 1802 598 1878 ,quod
620 1801 684 1859 falsi
705 1801 779 1858 sinti
798 1804 901 1876 Itaque

141 1903 264 1969 propter
278 1912 341 1950 eam
355 1911 416 1950 rem
429 1891 553 1950 oderunt
564 1892 729 1963 veritatem,
742 1908 830 1967 quam
843 1909 900 1969 pro

141 1981 265 2040 veritate
278 1995 384 2052 amant.
403 1986 507 2040 Amant
525 2001 588 2040 eam
606 1983 762 2053 lucentem,
776 1979 900 2040 oderunt

143 2092 209 2131 eam
227 2072 455 2149 redarguentem.
474 2062 548 2145 Quia
568 2069 644 2128 enim
666 2070 725 2127 falli
746 2069 848 2127 nolunt
871 2079 900 2127 et

145 2161 246 2220 fallere
259 2163 373 2232 volunt,
389 2173 484 2219 amant
498 2181 561 2219 eam
577 2181 644 2218 cum
657 2181 688 2218 se
702 2161 766 2238 ipsa
777 2160 900 2230 indicat,
938 2205 942 2210 .

147 2265 177 2310 et
191 2252 316 2322 oderunt
329 2271 392 2310 eam
417 2271 483 2309 cum
505 2271 554 2309 eos
572 2250 651 2328 ipsos
670 2249 899 2308 iudicat*.1nde

147 2341 290 2400 retribuet
303 2343 359 2412 eis,
374 2355 407 2399 ut
420 2341 472 2418 qui
489 2361 520 2399 se
539 2339 578 2398 ab
599 2360 632 2398 ea
653 2338 830 2398 manifestari
842 2359 898 2396 no-

149 2432 224 2502 lunt,
238 2443 267 2489 et
280 2451 328 2490 eos
342 2432 470 2489 nolentes
484 2430 658 2502 manifestet,
672 2442 701 2487 et
714 2429 755 2486 eis
769 2428 832 2505 ipsa
843 2447 900 2485 uon

149 2521 186 2578 sit
199 2520 358 2578 manifesta.
375 2519 420 2580 Sic
436 2520 478 2577 sic
494 2520 594 2590 etiam,
612 2519 653 2578 sic
670 2518 782 2576 animus
799 2517 902 2576 huma-

149 2628 216 2682 nus,
229 2611 314 2667 etiam
326 2609 367 2668 sic
383 2629 476 2667 caecus
488 2623 517 2667 et
528 2608 694 2686 languidus,
708 2607 800 2685 turpis
816 2619 902 2685 atque

150 2699 284 2757 indecens
296 2701 386 2758 latere
399 2700 478 2770 vult;
489 2718 519 2756 se
533 2711 629 2756 autem
642 2711 675 2755 ut
693 2698 780 2754 lateat
790 2696 901 2773 aliquid

152 2807 211 2844 non
222 2791 294 2846 vult.
305 2795 411 2851 Contra
423 2789 465 2847 illi
473 2787 606 2846 redditur
621 2799 653 2845 ut
661 2788 724 2865 ipse
742 2807 799 2844 uon
815 2779 902 2846 lateat

152 2875 317 2950 veritatem,
330 2880 425 2957 ipsum
442 2890 538 2938 autem
556 2877 662 2936 veritas
683 2877 777 2935 lateat.
795 2881 901 2935 Tamen

153 2964 239 3024 etiam
254 2967 294 3024 sic
306 2967 374 3026 dum
388 2969 475 3028 miser
490 2980 549 3044 est,
561 2966 638 3027 veris
657 2968 766 3026 mavult
776 2967 902 3044 gaudere

190 3175 198 3200 ¹
210 3169 280 3217 Joan.
291 3181 338 3227 ιιι,
349 3172 391 3217 35.
