2384 4052
292 469 343 516 304
479 465 504 513 S.
517 461 698 512 Anousruu
716 461 859 512 EPISCOPI
907 504 910 510 ,

291 584 400 644 quaero.
421 568 554 639 Quaeram
574 575 601 622 te
615 576 647 620 ut
660 564 741 621 vivat
758 562 853 620 anima
873 581 946 619 mea.
967 563 1049 623 vivit

288 657 366 718 ‚enim
388 673 494 733 corpus
519 673 616 712 meum
644 652 681 710 dc
707 652 801 710 anima
821 672 902 724 mea,
925 665 953 710 et
973 654 1048 712 vivit

291 747 386 804 anima
399 765 464 804 mea
477 745 514 804 de
529 757 564 802 te.
583 741 737 817 Quomodo
757 745 826 818 ergo
839 762 939 818 quaero
955 743 1047 803 vitan

291 835 423 907 beatam,
437 836 506 911 quia
523 852 581 890 non
603 845 646 891 est
665 831 736 888 mihi
757 830 849 888 donec
871 831 983 904 dicam,
997 836 1047 891 Sat

292 936 350 995 est,
365 925 423 982 illic
437 922 489 981 ubi
510 935 625 1000 oportet
641 934 673 979 ut
686 921 802 979 dicam?
815 921 963 997 quomodo
981 940 1045 978 eam

291 1011 410 1091 quaero?
428 1019 533 1073 Utrum
553 1034 606 1092 per
633 1012 881 1085 recordationem,
909 1025 1045 1089 tanquam

291 1124 354 1162 eam
378 1104 485 1163 obiitus
506 1106 575 1176 sim,
596 1104 778 1180 oblitumque
800 1123 847 1160 me
860 1115 928 1160 'esse
949 1102 1046 1160 adhuc

292 1207 419 1266 teneam3
432 1215 469 1252 an
481 1213 535 1272 per
547 1195 706 1272 appetitum
720 1191 848 1250 discendi
860 1192 1045 1269 incognitam,

229 1289 240 1306 “
291 1285 353 1342 sive
372 1304 461 1362 quam
482 1305 631 1361 nunquam
656 1283 788 1352 scierim,
809 1283 869 1340 sivc
892 1303 980 1359 quam
1003 1285 1045 1340 sic

291 1372 398 1432 oblitus
413 1375 517 1432 fuerim
537 1386 570 1431 ut
583 1393 629 1431 me
650 1392 703 1431 nec
716 1371 839 1430 oblitum
860 1391 921 1430 esse
941 1373 1047 1430 memi-

292 1463 403 1521 nerim?
416 1463 597 1538 Nonne‘ipsa
611 1474 654 1519 est
667 1459 753 1518 beata
770 1462 830 1518 vita
843 1481 931 1536 quam
945 1480 1045 1518 omnes

291 1554 409 1624 volunt,
422 1566 450 1610 et
465 1553 582 1610 omnino
595 1553 646 1628 qui
660 1551 732 1608 nolit
745 1571 830 1609 nemo
845 1553 906 1608 esti
919 1549 978 1608 Ubi
991 1570 1046 1608 no-

269 1645 271 1650 ’
290 1656 393 1703 verunt
410 1663 490 1714 eam,
512 1642 592 1720 quod
613 1643 653 1700 sic
672 1643 775 1700 volunt
793 1644 877 1699 cam?
890 1640 948 1700 Ubi
962 1641 1045 1700 vidc-

170 1741 173 1746 '
227 1747 230 1753 “
290 1747 373 1805 runt,
386 1746 419 1791 ut
432 1745 561 1792 amarent
572 1735 655 1790 eam?
668 1733 811 1790 Nimirum
826 1729 967 1790 habemus
980 1752 1044 1790 earn

290 1826 387 1882 nescio
406 1823 563 1900 quomodo.
577 1827 614 1880 Et
633 1835 676 1880 est
696 1823 768 1881 alius
791 1822 909 1900 quidam
923 1823 1045 1894 modus,

290 1935 350 1992 quo
363 1916 486 1992 quisque
500 1935 567 1973 cum
585 1913 674 1971 habet
688 1933 766 1984 eam,
782 1917 850 1970 tun'c
870 1913 971 1972 beatus
984 1928 1044 1985 est;

291 2017 319 2062 et
332 2016 398 2061 sunt
417 2005 468 2081 qui
487 2025 538 2082 spe
557 2002 634 2062 beati
648 2015 723 2060 sunt.
736 2004 877 2061 Inferiore
894 2003 981 2061 modo
996 2004 1043 2062 isti

290 2093 398 2152 habent
416 2114 496 2164 eam,
512 2093 600 2169 quani
621 2093 663 2151 illi
682 2095 732 2170 qui
749 2092 818 2169 jam'
831 2113 863 2151 re
882 2093 945 2170 ipsa
965 2092 1042 2150 beati

290 2197 370 2256 sunt3
384 2183 434 2241 sed
453 2197 548 2241 tamen
566 2184 700 2241 meliores
718 2203 804 2260 quam
819 2184 861 2242 illi
876 2184 926 2260 qui
939 2203 992 2241 nec
1010 2203 1043 2241 rc

290 2293 343 2331 nec
363 2293 414 2350 spe
432 2271 510 2330 beati
531 2284 605 2329 sunt.
625 2274 682 2346 Qui
697 2285 793 2331 tamen
813 2274 899 2331 ctiam
919 2274 974 2351 ipsi
987 2273 1042 2330 nisi

290 2363 387 2438 aliquo
415 2361 502 2419 modo
525 2360 772 2434 haberenteam,
793 2365 909 2422 nonita
934 2364 1042 2422 vellent

290 2450 367 2510 beati
380 2471 455 2522 esse,
471 2451 551 2529 quod
563 2472 611 2510 eos
627 2455 701 2512 velle
715 2456 904 2533 certissimum
919 2451 1040 2528 est.'Ne;

289 2542 348 2601 scio
368 2543 515 2620 quomodo
533 2557 677 2602 noverunt
697 2565 775 2616 eam,
789 2545 914 2622 ideoque
934 2531 1042 2603 liabent

289 2633 394 2692 camin
407 2635 504 2692 nescio
514 2654 572 2711 qua
579 2635 696 2704 notitia,
711 2633 748 2690 de
758 2653 817 2711 qua
831 2647 929 2710 satago
942 2647 1041 2692 utrum

289 2725 318 2780 in
337 2726 477 2782 memoria
491 2726 527 2782 sit
541 2746 548 2780 t
563 2725 631 2803 quia
645 2725 669 2782 si
681 2723 722 2782 ibi
739 2736 797 2794 est,
809 2722 869 2800 jam
881 2723 960 2782 beati
981 2724 1039 2782 sui—

290 2832 353 2870 mus
364 2810 532 2891 aliquando,
547 2829 645 2873 utrum
659 2811 822 2890 singillatim
836 2833 952 2885 omncs,
963 2834 999 2871 an
1011 2815 1040 2871 in

289 2903 339 2960 illo
359 2903 476 2962 homine
503 2907 552 2982 qui
580 2895 690 2982 primus
715 2905 862 2980 peccavit,
884 2907 914 2962 in
934 2925 993 2982 quo
1013 2917 1041 2962 et

289 3013 387 3051 omnes
399 2996 513 3052 'mortui
535 3015 649 3067 sumus,
671 3007 699 3052 et
720 2994 756 3052 de
775 3015 834 3072 quo
852 3015 952 3054 omnes
974 3016 1039 3053 cum

288 3082 403 3140 miseria
429 3083 488 3140 nati
517 3103 632 3156 sumus,
658 3104 716 3142 non
748 3104 847 3161 quaero
870 3105 963 3156 nunc;
990 3085 1040 3142 sed

288 3191 387 3248 quaero
410 3184 507 3231 utrum
523 3175 552 3231 in
576 3176 714 3232 memoria
736 3176 771 3231 sit
791 3173 880 3232 'beata
900 3177 966 3232 vita.
982 3180 1040 3232 Ne-
