2356 4018
328 531 578 584 CONFESSIONUM
595 534 690 586 LIBER
708 536 754 585 1x.
868 541 918 587 24³

155 631 329 711 proximum
352 631 492 689 feriarum
515 639 649 710 tempus,
669 632 721 691 sed
740 633 777 692 de
801 632 921 712 publiea

161 721 341 800 professione
354 734 443 799 atque
455 733 522 779 ante
533 723 634 780 oculos
646 721 777 781 omnium
789 725 844 786 sita
856 735 921 784 ante

161 808 312 869 discedere
323 811 353 883 *3
375 822 408 868 ut
424 829 562 870 conversa
575 812 610 870 iu
628 812 736 870 factum
755 831 853 872 meum
870 833 922 872 ora

163 915 333 962 cunctorum
352 903 542 976 intuentium,
559 922 647 981 quam
666 904 796 964 vicinum
814 904 921 963 vinde-

162 990 293 1050 mialium
314 985 392 1050 diem
411 993 573 1070 praevenire
590 993 750 1066 noluerim,
766 995 855 1052 multa
872 993 922 1052 di-

163 1095 262 1140 cerent
270 1082 293 1155 *,
305 1084 384 1159 qnod
399 1083 483 1160 quasi
494 1083 668 1162 appetissem
680 1104 801 1162 magnus
815 1084 919 1142 videri.

162 1175 198 1228 Et
211 1191 270 1249 quo
285 1174 357 1231 mihi
373 1185 435 1232 erat
447 1173 541 1246 istud,
556 1186 589 1232 ut
602 1187 756 1252 putaretur
767 1187 801 1234 et
817 1175 921 1253 dispu-

163 1273 273 1321 taretur
293 1263 330 1321 de
350 1264 449 1322 ariimo
464 1284 543 1338 meo,
557 1277 586 1322 et
598 1263 850 1344 blasphemaretur
864 1265 921 1323 bo-

163 1371 233 1410 nnm
245 1365 375 1412 nostrum
387 1356 398 1411 l

204 1443 232 1502 4.
255 1443 446 1520 Quinetiam,
466 1443 547 1524 quod
571 1445 636 1524 ipsa
661 1457 760 1506 aestate
780 1447 921 1508 litterario

164 1533 258 1592 labori
280 1535 371 1593 nimio
394 1535 495 1614 pulmo
517 1555 597 1594 meus
617 1535 721 1594 cedere
742 1549 879 1614 coeperat,
895 1550 923 1595 et

165 1626 321 1684 difficulter
340 1625 456 1684 trahere
477 1626 618 1704 suspiria,
639 1624 849 1703 doloribusque
867 1647 922 1704 pe—

165 1715 252 1787 ctoris
269 1715 368 1782 testari
385 1736 416 1775 se
429 1716 576 1787 saucium,
590 1735 752 1792 uocemque
770 1716 922 1774 clariorem

164 1803 419 1884 productioremve
431 1824 575 1876 recusare,
586 1797 682 1883 primo
698 1797 923 1883 perturbaverat

164 1916 224 1968 me,
246 1896 316 1973 quia
335 1895 495 1974 magisterii
514 1895 593 1954 illius
611 1896 753 1954 sarcinam
773 1916 847 1975 pene
859 1894 921 1972 jam

165 1987 335 2044 necessitate
356 1987 503 2066 deponere
520 1985 657 2063 cogebat,
673 1997 724 2044 aut
742 1986 766 2044 si
784 1987 881 2064 curari
895 1998 931 2048 et.

166 2076 367 2134 convalescere
379 2067 552 2154 potuissem,
566 2087 645 2134 certe
656 2075 855 2134 intermittere.
868 2073 923 2135 Sed

165 2165 218 2222 ubi
238 2165 324 2243 plena
347 2163 480 2222 voluntas
500 2164 640 2238 vacandi,
660 2177 689 2223 et
709 2163 827 2222 videndi
850 2184 925 2242 quo-

165 2254 243 2313 niam
256 2266 287 2312 tu
302 2275 332 2312 es
346 2255 501 2326 Dominus,
514 2253 619 2313 oborta
632 2254 706 2312 mihi
721 2267 764 2313 est
776 2267 865 2331 atque
875 2255 926 2312 fir-

166 2357 259 2417 mata3
273 2346 364 2417 nosti,
384 2352 464 2406 Deus
478 2366 582 2418 meus,
591 2345 678 2404 etiam
692 2345 821 2423 gaudere
835 2344 924 2424 coepi,

167 2436 246 2514 quod
270 2436 331 2493 haec
353 2457 471 2513 quoque
487 2436 681 2520 suberat'non
692 2435 819 2502 mendax
832 2455 924 2493 excu—

167 2527 255 2598 satiO,
271 2545 336 2603 quae
359 2527 549 2584 offensionem
567 2515 720 2591 hominum
733 2517 925 2604 temperaret,
1018 2581 1035 2598 ἃ,
1070 2601 1073 2608 ⁴

168 2617 219 2694 qui
234 2629 355 2696 propter
366 2617 476 2676 liberos
489 2636 557 2675 suos
570 2635 617 2674 rne
631 2614 758 2673 liberum
772 2634 834 2673 esse
847 2635 924 2672 nun·

169 2728 257 2786 quarn
275 2709 422 2767 volebant.
441 2710 545 2766 Plenus
561 2707 653 2783 igitur
665 2706 715 2763 tali
727 2705 835 2783 gaudio
849 2706 925 2763 tole-

168 2799 270 2858 rabam
290 2801 364 2858 illud
384 2800 568 2858 intervallum
591 2794 749 2874 temporis,
764 2793 857 2852 donec
871 2793 925 2852 de-

169 2903 322 2949 curreret:
342 2891 439 2950 nescio
452 2902 551 2947 utrum
569 2886 615 2945 vel
633 2885 737 2962 viginti
754 2883 815 2946 dies
830 2896 925 2955 erant,

168 2980 220 3038 sed
234 2993 331 3039 tamen
349 2981 462 3039 fortiter
479 2977 693 3047 tolerabantur;
708 2975 777 3052 quia
795 2993 926 3033 recesse-

168 3080 214 3124 rat
233 3063 378 3146 cupiditas
398 3089 463 3146 quae
482 3085 597 3128 mecum
616 3063 728 3122 solebat
749 3064 927 3141 serregrave

168 3159 333 3235 negotium,
349 3173 377 3218 et
396 3179 449 3236 ego
462 3152 638 3237 premendus
651 3173 858 3224 remanseram,
872 3151 928 3208 nisi

168 3247 310 3323 patientia
326 3250 504 3310 succederet.
519 3253 657 3308 Peccasse
673 3259 721 3302 me
735 3244 766 3342 iu
779 3242 836 3303 hoc
848 3240 930 3326 quis->
