2352 4094
305 431 554 483 CONFESSIONUM
571 431 666 478 LIBER
684 431 743 478 tut.
851 433 901 481 405

146 543 213 590 ante
226 531 434 590 cohibitionem
457 531 539 610 quasi
560 531 674 588 fluentis
688 528 906 590 immoderatio-

146 622 191 680 nis
208 636 237 681 et
253 636 319 682 ante
337 622 578 682 illuminationem
595 621 768 700 Sapientiae?
879 619 881 626 ’

188 711 235 770 26.
250 717 301 771 Est
312 713 410 771 adhuc
424 713 504 791 quod
518 712 596 770 dicat
609 712 633 770 si
649 711 801 789 quisalius
820 711 907 786 velit,

147 823 206 860 uon
226 803 335 862 scilieet
355 803 416 880 jam
432 803 577 882 perfectas
593 814 681 880 atque
698 803 835 860 formatas
854 802 904 861 viu-

149 891 277 952 visibiles
289 893 476 971 visibilesque
488 904 620 964 naturas,
636 887 700 951 coeli
714 905 743 952 et
757 905 909 952 terraemo-

151 984 227 1040 mine
243 983 396 1062 significari
414 1003 481 1042 oum
500 983 616 1060 legitur,
631 985 666 1038 In
675 989 822 1060 principio
835 980 911 1058 serit

151 1078 228 1132 Deus
242 1078 341 1131 coelum
352 1073 384 1131 'et
398 1089 500 1131 terram
507 1095 519 1142 ,·
533 1073 584 1131 sed
601 1073 694 1150 ipsam
709 1074 805 1132 adhuc
819 1073 909 1131 infor-

152 1183 228 1222 mem
245 1163 460 1223 inchoationem
478 1182 577 1222 rerum
591 1162 774 1222 formabilem
793 1163 908 1228 creabi-

150 1256 268 1332 lemque
288 1257 439 1314 materiam
462 1254 509 1313 his
532 1253 698 1313 nominibus
720 1255 909 1334 appellatam,

152 1345 232 1422 quod
250 1347 281 1403 iu
299 1365 334 1404 ea
350 1345 412 1423 jam
434 1359 528 1404 essent
548 1347 603 1404 ista
624 1346 758 1418 confusa,
779 1347 910 1406 nondum

152 1435 341 1513 qualitatibus
372 1437 532 1513 formisque
558 1437 716 1508 distincta,
743 1456 808 1514 quae
834 1457 911 1495 nune

150 1522 211 1601 jam
228 1525 339 1603 digesta
356 1527 415 1584 suis
436 1524 588 1583 ordinibus
602 1538 744 1584 vocantur
763 1525 865 1583 coelum
883 1539 912 1584 et

154 1629 247 1689 terra3
261 1616 310 1676 illa
324 1616 495 1696 spiritualis,
513 1617 576 1675 haec
592 1616 754 1694 corporalis
767 1629 910 1675 ereatura.

392 1793 526 1855 oarur
547 1745 670 1858 xvm.

298 1956 358 2029 Quis
376 1971 445 2007 error
464 1955 577 2008 innoxius
594 1956 621 2007 iu
633 1955 772 2024 seripturis.

195 2102 241 2162 27.
256 2103 370 2179 Quibus
387 2104 522 2163 omuibus·
539 2104 646 2164 auditis
664 2117 694 2162 et
710 2105 917 2178 consideratis,

156 2195 225 2252 nolo
238 2194 336 2255 verbis
350 2194 543 2266 contendere;
556 2195 593 2253 ad
607 2195 679 2253 nihil
691 2195 769 2254 enim
778 2195 850 2254 utile
862 2208 915 2268 est,
1012 2245 1013 2250 ,

156 2284 211 2343 nisi
222 2284 258 2342 ad
273 2283 492 2343 subversionem
506 2284 714 2343 audientium1.
730 2285 776 2344 Ad
788 2285 916 2347 aedifica-

157 2375 265 2433 tionem
279 2387 375 2433 autem
390 2373 468 2432 bona
482 2386 526 2432 est
538 2374 600 2447 lex,
623 2376 647 2434 si
662 2375 725 2454 quis
739 2395 773 2434 ea
789 2375 916 2454 legitime

158 2477 272 2536 utatur3
283 2465 352 2541 quia
363 2465 426 2523 linis
441 2463 503 2542 ejus
515 2479 558 2524 est
572 2465 698 2524 charitas
711 2465 747 2543 de
759 2465 847 2524 corde
861 2486 916 2542 pu-

159 2574 208 2627 ro,
222 2567 252 2612 et
269 2553 443 2611 conscientia
456 2553 549 2626 bona,
572 2567 602 2612 et
620 2554 678 2612 lide
692 2574 750 2611 non
769 2555 837 2611 ficta
846 2562 866 2609 ².
876 2557 918 2611 'Et

159 2643 241 2702 novit
252 2643 388 2719 magister
404 2653 501 2699 noster
515 2643 546 2699 in
559 2641 666 2718 quibus
676 2642 792 2700 duobus
808 2660 917 2718 praeoe-

159 2733 216 2810 ptis
235 2744 323 2790 totam
340 2735 446 2809 Legem
463 2730 683 2807 Prophetasque
700 2729 884 2808 suspenderit
896 2727 916 2788 ³.

161 2813 230 2896 Quae
243 2822 314 2880 mihi
332 2821 466 2880 ardenter
485 2821 648 2893 confitenti,
664 2825 743 2880 Deus
760 2839 856 2893 meus,
870 2821 919 2879 lu-

161 2929 227 2970 men
241 2912 392 2971 oculorum
410 2930 542 2970 meorum
562 2911 592 2968 in
611 2911 739 2985 occulto,
758 2911 830 2990 quid
848 2911 919 2970 mihi

199 3082 246 3128 ¹11
262 3077 324 3128 Tim.
336 3096 369 3139 u,
391 3076 647 3141 tt.-²1Tin.v‚
665 3082 693 3138 8,
715 3083 785 3126 5.-
805 3074 918 3131 ³Mauh.

160 3175 220 3221 λιιι,
236 3163 279 3210 40.
