<?xml version="1.0" encoding="UTF-8"?>
<!DOCTYPE html PUBLIC "-//W3C//DTD XHTML 1.0 Transitional//EN"
    "http://www.w3.org/TR/xhtml1/DTD/xhtml1-transitional.dtd">
<html xmlns="http://www.w3.org/1999/xhtml" xml:lang="en" lang="en">
 <head>
  <title>
</title>
<meta http-equiv="Content-Type" content="text/html;charset=utf-8" />
  <meta name='ocr-system' content='tesseract 3.04.00' />
  <meta name='ocr-capabilities' content='ocr_page ocr_carea ocr_par ocr_line ocrx_word'/>
</head>
<body>
  <div class='ocr_page' id='page_1' title='image "./confessionumlib00maugoog_0129.png"; bbox 0 0 2316 4020; ppageno 0'>
   <div class='ocr_carea' id='block_1_1' title="bbox 275 527 862 582">
    <p class='ocr_par' dir='ltr' id='par_1_1' title="bbox 275 527 862 582">
     <span class='ocr_line' id='line_1_1' title="bbox 275 527 862 582; baseline -0.009 0"><span class='ocrx_word' id='word_1_1' title='bbox 275 527 530 582; x_wconf 69' lang='lat' dir='ltr'><strong>comsssstonuu</strong></span> <span class='ocrx_word' id='word_1_2' title='bbox 547 529 644 578; x_wconf 74' lang='lat' dir='ltr'>LIBER</span> <span class='ocrx_word' id='word_1_3' title='bbox 661 531 692 576; x_wconf 85' lang='lat' dir='ltr'><strong>V.</strong></span> <span class='ocrx_word' id='word_1_4' title='bbox 813 531 862 578; x_wconf 77' lang='grc'><strong>123</strong></span> 
     </span>
    </p>
   </div>
   <div class='ocr_carea' id='block_1_2' title="bbox 55 629 871 3318">
    <p class='ocr_par' dir='ltr' id='par_1_2' title="bbox 110 629 866 1408">
     <span class='ocr_line' id='line_1_2' title="bbox 110 629 862 708; baseline 0 -18"><span class='ocrx_word' id='word_1_5' title='bbox 110 653 156 691; x_wconf 90' lang='lat' dir='ltr'><strong>nee</strong></span> <span class='ocrx_word' id='word_1_6' title='bbox 166 645 263 692; x_wconf 85' lang='lat' dir='ltr'><strong>tamen</strong></span> <span class='ocrx_word' id='word_1_7' title='bbox 273 631 363 690; x_wconf 85' lang='lat' dir='ltr'><strong>nimis</strong></span> <span class='ocrx_word' id='word_1_8' title='bbox 372 630 522 688; x_wconf 85' lang='lat' dir='ltr'><strong>incautum</strong></span> <span class='ocrx_word' id='word_1_9' title='bbox 532 629 570 686; x_wconf 87' lang='lat' dir='ltr'><strong>ad</strong></span> <span class='ocrx_word' id='word_1_10' title='bbox 585 630 720 708; x_wconf 86' lang='lat' dir='ltr'><strong>seipsum.</strong></span> <span class='ocrx_word' id='word_1_11' title='bbox 732 633 798 688; x_wconf 84' lang='lat' dir='ltr'><strong>Non</strong></span> <span class='ocrx_word' id='word_1_12' title='bbox 813 651 862 690; x_wconf 88' lang='lat' dir='ltr'><strong>us-</strong></span> 
     </span>
     <span class='ocr_line' id='line_1_3' title="bbox 111 719 863 801; baseline -0.001 -20"><span class='ocrx_word' id='word_1_13' title='bbox 111 739 278 801; x_wconf 83' lang='lat' dir='ltr'><strong>quequaque</strong></span> <span class='ocrx_word' id='word_1_14' title='bbox 299 721 452 798; x_wconf 84' lang='lat' dir='ltr'><strong>imperitus</strong></span> <span class='ocrx_word' id='word_1_15' title='bbox 478 732 541 777; x_wconf 89' lang='lat' dir='ltr'><strong>erat</strong></span> <span class='ocrx_word' id='word_1_16' title='bbox 559 719 713 797; x_wconf 76' lang='lat' dir='ltr'><strong>imperitiae</strong></span> <span class='ocrx_word' id='word_1_17' title='bbox 734 739 814 795; x_wconf 82' lang='lat' dir='ltr'><strong>suae,</strong></span> <span class='ocrx_word' id='word_1_18' title='bbox 835 735 863 780; x_wconf 89' lang='lat' dir='ltr'><strong>et</strong></span> 
     </span>
     <span class='ocr_line' id='line_1_4' title="bbox 110 809 863 888; baseline 0.003 -20"><span class='ocrx_word' id='word_1_19' title='bbox 110 813 194 872; x_wconf 86' lang='lat' dir='ltr'><strong>naluit</strong></span> <span class='ocrx_word' id='word_1_20' title='bbox 216 833 249 872; x_wconf 80' lang='lat' dir='ltr'><strong>se</strong></span> <span class='ocrx_word' id='word_1_21' title='bbox 274 826 385 870; x_wconf 85' lang='lat' dir='ltr'><strong>temere</strong></span> <span class='ocrx_word' id='word_1_22' title='bbox 406 809 583 888; x_wconf 84' lang='lat' dir='ltr'><strong>disputando</strong></span> <span class='ocrx_word' id='word_1_23' title='bbox 601 809 630 866; x_wconf 86' lang='lat' dir='ltr'><strong>in</strong></span> <span class='ocrx_word' id='word_1_24' title='bbox 649 829 684 868; x_wconf 86' lang='lat' dir='ltr'><strong>ea</strong></span> <span class='ocrx_word' id='word_1_25' title='bbox 705 813 863 882; x_wconf 86' lang='lat' dir='ltr'><strong>coarctari,</strong></span> 
     </span>
     <span class='ocr_line' id='line_1_5' title="bbox 111 897 864 972; baseline 0.001 -15"><span class='ocrx_word' id='word_1_26' title='bbox 111 899 179 958; x_wconf 88' lang='lat' dir='ltr'><strong>uude</strong></span> <span class='ocrx_word' id='word_1_27' title='bbox 188 921 243 960; x_wconf 83' lang='lat' dir='ltr'><strong>nec</strong></span> <span class='ocrx_word' id='word_1_28' title='bbox 256 901 356 960; x_wconf 83' lang='lat' dir='ltr'><strong>exitus</strong></span> <span class='ocrx_word' id='word_1_29' title='bbox 369 900 397 958; x_wconf 90' lang='lat' dir='ltr'><strong>ei</strong></span> <span class='ocrx_word' id='word_1_30' title='bbox 411 900 501 972; x_wconf 84' lang='lat' dir='ltr'><strong>ullus,</strong></span> <span class='ocrx_word' id='word_1_31' title='bbox 515 919 570 957; x_wconf 86' lang='lat' dir='ltr'><strong>nee</strong></span> <span class='ocrx_word' id='word_1_32' title='bbox 587 897 678 957; x_wconf 81' lang='lat' dir='ltr'><strong>facilis</strong></span> <span class='ocrx_word' id='word_1_33' title='bbox 694 913 769 958; x_wconf 85' lang='lat' dir='ltr'><strong>esset</strong></span> <span class='ocrx_word' id='word_1_34' title='bbox 784 900 864 959; x_wconf 87' lang='lat' dir='ltr'><strong>redi-</strong></span> 
     </span>
     <span class='ocr_line' id='line_1_6' title="bbox 111 991 863 1070; baseline 0 -20"><span class='ocrx_word' id='word_1_35' title='bbox 111 1003 151 1050; x_wconf 86' lang='lat' dir='ltr'><strong>tus</strong></span> <span class='ocrx_word' id='word_1_36' title='bbox 164 1013 171 1049; x_wconf 78' lang='lat' dir='ltr'><strong>a</strong></span> <span class='ocrx_word' id='word_1_37' title='bbox 185 995 274 1052; x_wconf 83' lang='lat' dir='ltr'><strong>etiam</strong></span> <span class='ocrx_word' id='word_1_38' title='bbox 285 993 356 1051; x_wconf 87' lang='lat' dir='ltr'><strong>hine</strong></span> <span class='ocrx_word' id='word_1_39' title='bbox 364 991 437 1050; x_wconf 88' lang='lat' dir='ltr'><strong>mihi</strong></span> <span class='ocrx_word' id='word_1_40' title='bbox 447 991 571 1069; x_wconf 87' lang='lat' dir='ltr'><strong>amplius</strong></span> <span class='ocrx_word' id='word_1_41' title='bbox 581 993 699 1070; x_wconf 85' lang='lat' dir='ltr'><strong>placuit</strong></span> <span class='ocrx_word' id='word_1_42' title='bbox 711 991 863 1050; x_wconf 83' lang='lat' dir='ltr'><strong>Pulchrior</strong></span> 
     </span>
     <span class='ocr_line' id='line_1_7' title="bbox 111 1082 863 1160; baseline 0.005 -24"><span class='ocrx_word' id='word_1_43' title='bbox 111 1092 148 1136; x_wconf 87' lang='lat' dir='ltr'><strong>est</strong></span> <span class='ocrx_word' id='word_1_44' title='bbox 163 1083 239 1140; x_wconf 88' lang='lat' dir='ltr'><strong>enim</strong></span> <span class='ocrx_word' id='word_1_45' title='bbox 258 1082 453 1160; x_wconf 76' lang='lat' dir='ltr'><strong>temperantia</strong></span> <span class='ocrx_word' id='word_1_46' title='bbox 470 1082 634 1140; x_wconf 81' lang='lat' dir='ltr'><strong>confitentis</strong></span> <span class='ocrx_word' id='word_1_47' title='bbox 659 1083 760 1153; x_wconf 86' lang='lat' dir='ltr'><strong>animi,</strong></span> <span class='ocrx_word' id='word_1_48' title='bbox 777 1103 863 1159; x_wconf 90' lang='lat' dir='ltr'><strong>qnam</strong></span> 
     </span>
     <span class='ocr_line' id='line_1_8' title="bbox 111 1167 864 1248; baseline 0.007 -23"><span class='ocrx_word' id='word_1_49' title='bbox 111 1167 154 1227; x_wconf 88' lang='lat' dir='ltr'><strong>illa</strong></span> <span class='ocrx_word' id='word_1_50' title='bbox 169 1191 234 1248; x_wconf 88' lang='lat' dir='ltr'><strong>quae</strong></span> <span class='ocrx_word' id='word_1_51' title='bbox 252 1192 341 1230; x_wconf 87' lang='lat' dir='ltr'><strong>nosse</strong></span> <span class='ocrx_word' id='word_1_52' title='bbox 359 1171 513 1248; x_wconf 87' lang='lat' dir='ltr'><strong>cupiebam</strong></span> <span class='ocrx_word' id='word_1_53' title='bbox 531 1192 538 1228; x_wconf 79' lang='lat' dir='ltr'><strong>a</strong></span> <span class='ocrx_word' id='word_1_54' title='bbox 555 1184 583 1228; x_wconf 86' lang='lat' dir='ltr'><strong>et</strong></span> <span class='ocrx_word' id='word_1_55' title='bbox 597 1191 662 1229; x_wconf 89' lang='lat' dir='ltr'><strong>enm</strong></span> <span class='ocrx_word' id='word_1_56' title='bbox 681 1173 710 1230; x_wconf 91' lang='lat' dir='ltr'><strong>in</strong></span> <span class='ocrx_word' id='word_1_57' title='bbox 731 1173 864 1231; x_wconf 89' lang='lat' dir='ltr'><strong>omnibns</strong></span> 
     </span>
     <span class='ocr_line' id='line_1_9' title="bbox 113 1255 866 1337; baseline 0.005 -23"><span class='ocrx_word' id='word_1_58' title='bbox 113 1257 321 1320; x_wconf 86' lang='lat' dir='ltr'><strong>difficilioribus</strong></span> <span class='ocrx_word' id='word_1_59' title='bbox 337 1274 367 1319; x_wconf 89' lang='lat' dir='ltr'><strong>et</strong></span> <span class='ocrx_word' id='word_1_60' title='bbox 381 1255 585 1320; x_wconf 71' lang='lat' dir='ltr'><strong>subtilioribus</strong></span> <span class='ocrx_word' id='word_1_61' title='bbox 600 1260 808 1337; x_wconf 79' lang='lat' dir='ltr'><strong>quaestionibus</strong></span> <span class='ocrx_word' id='word_1_62' title='bbox 827 1274 866 1319; x_wconf 91' lang='lat' dir='ltr'><strong>ta-</strong></span> 
     </span>
     <span class='ocr_line' id='line_1_10' title="bbox 112 1346 375 1408; baseline 0.027 -7"><span class='ocrx_word' id='word_1_63' title='bbox 112 1346 161 1404; x_wconf 89' lang='lat' dir='ltr'><strong>lem</strong></span> <span class='ocrx_word' id='word_1_64' title='bbox 176 1349 375 1408; x_wconf 84' lang='lat' dir='ltr'><strong>inveniebam.</strong></span> 
     </span>
    </p>

    <p class='ocr_par' dir='ltr' id='par_1_3' title="bbox 55 1439 871 3318">
     <span class='ocr_line' id='line_1_11' title="bbox 149 1439 866 1522; baseline 0.007 -28"><span class='ocrx_word' id='word_1_65' title='bbox 149 1439 191 1496; x_wconf 85' lang='lat'><strong>13.</strong></span> <span class='ocrx_word' id='word_1_66' title='bbox 213 1441 357 1522; x_wconf 78' lang='lat' dir='ltr'><strong>Refracto</strong></span> <span class='ocrx_word' id='word_1_67' title='bbox 375 1440 473 1516; x_wconf 88' lang='lat' dir='ltr'><strong>itaque</strong></span> <span class='ocrx_word' id='word_1_68' title='bbox 493 1439 590 1501; x_wconf 86' lang='lat' dir='ltr'><strong>studio</strong></span> <span class='ocrx_word' id='word_1_69' title='bbox 609 1441 711 1516; x_wconf 76' lang='lat' dir='ltr'><strong>qnod*</strong></span> <span class='ocrx_word' id='word_1_70' title='bbox 732 1444 866 1501; x_wconf 87' lang='lat' dir='ltr'><strong>intende-</strong></span> 
     </span>
     <span class='ocr_line' id='line_1_12' title="bbox 55 1529 866 1609; baseline 0.011 -28"><span class='ocrx_word' id='word_1_71' title='bbox 55 1539 56 1542; x_wconf 73' lang='grc'>’</span> <span class='ocrx_word' id='word_1_72' title='bbox 113 1545 167 1584; x_wconf 89' lang='lat' dir='ltr'><strong>ram</strong></span> <span class='ocrx_word' id='word_1_73' title='bbox 182 1531 211 1587; x_wconf 90' lang='lat' dir='ltr'><strong>in</strong></span> <span class='ocrx_word' id='word_1_74' title='bbox 225 1530 383 1590; x_wconf 86' lang='lat' dir='ltr'><strong>Manichaei</strong></span> <span class='ocrx_word' id='word_1_75' title='bbox 405 1529 528 1600; x_wconf 84' lang='lat' dir='ltr'><strong>litteras,</strong></span> <span class='ocrx_word' id='word_1_76' title='bbox 543 1531 692 1606; x_wconf 86' lang='lat' dir='ltr'><strong>magisque</strong></span> <span class='ocrx_word' id='word_1_77' title='bbox 711 1531 866 1609; x_wconf 89' lang='lat' dir='ltr'><strong>desperans</strong></span> 
     </span>
     <span class='ocr_line' id='line_1_13' title="bbox 113 1615 866 1696; baseline 0.011 -24"><span class='ocrx_word' id='word_1_78' title='bbox 113 1615 145 1674; x_wconf 90' lang='lat' dir='ltr'><strong>de</strong></span> <span class='ocrx_word' id='word_1_79' title='bbox 157 1622 267 1692; x_wconf 72' lang='lat' dir='ltr'><strong>caeteris</strong></span> <span class='ocrx_word' id='word_1_80' title='bbox 286 1637 386 1678; x_wconf 84' lang='lat' dir='ltr'><strong>eorum</strong></span> <span class='ocrx_word' id='word_1_81' title='bbox 399 1618 584 1690; x_wconf 87' lang='lat' dir='ltr'><strong>doctoribus,</strong></span> <span class='ocrx_word' id='word_1_82' title='bbox 595 1619 713 1696; x_wconf 86' lang='lat' dir='ltr'><strong>quando</strong></span> <span class='ocrx_word' id='word_1_83' title='bbox 725 1621 756 1679; x_wconf 91' lang='lat' dir='ltr'><strong>in</strong></span> <span class='ocrx_word' id='word_1_84' title='bbox 768 1624 866 1680; x_wconf 93' lang='lat' dir='ltr'><strong>multis</strong></span> 
     </span>
     <span class='ocr_line' id='line_1_14' title="bbox 112 1709 866 1787; baseline 0.001 -21"><span class='ocrx_word' id='word_1_85' title='bbox 112 1725 169 1783; x_wconf 83' lang='lat' dir='ltr'><strong>quat</strong></span> <span class='ocrx_word' id='word_1_86' title='bbox 181 1731 228 1770; x_wconf 90' lang='lat' dir='ltr'><strong>me</strong></span> <span class='ocrx_word' id='word_1_87' title='bbox 242 1709 414 1780; x_wconf 81' lang='lat' dir='ltr'><strong>movebant,</strong></span> <span class='ocrx_word' id='word_1_88' title='bbox 423 1710 465 1766; x_wconf 86' lang='lat' dir='ltr'><strong>ita</strong></span> <span class='ocrx_word' id='word_1_89' title='bbox 474 1709 524 1768; x_wconf 90' lang='lat' dir='ltr'><strong>ille</strong></span> <span class='ocrx_word' id='word_1_90' title='bbox 534 1711 700 1775; x_wconf 84' lang='lat' dir='ltr'><strong>nominatus</strong></span> <span class='ocrx_word' id='word_1_91' title='bbox 714 1712 866 1787; x_wconf 85' lang='lat' dir='ltr'><strong>apparuit;</strong></span> 
     </span>
     <span class='ocr_line' id='line_1_15' title="bbox 112 1798 867 1878; baseline 0.004 -25"><span class='ocrx_word' id='word_1_92' title='bbox 112 1803 178 1876; x_wconf 84' lang='lat' dir='ltr'><strong>carpi</strong></span> <span class='ocrx_word' id='word_1_93' title='bbox 193 1822 261 1861; x_wconf 87' lang='lat' dir='ltr'><strong>cnm</strong></span> <span class='ocrx_word' id='word_1_94' title='bbox 279 1821 315 1870; x_wconf 79' lang='lat' dir='ltr'><strong>eo</strong></span> <span class='ocrx_word' id='word_1_95' title='bbox 329 1817 384 1876; x_wconf 85' lang='lat' dir='ltr'><strong>pro</strong></span> <span class='ocrx_word' id='word_1_96' title='bbox 401 1799 498 1858; x_wconf 89' lang='lat' dir='ltr'><strong>studio</strong></span> <span class='ocrx_word' id='word_1_97' title='bbox 511 1798 575 1876; x_wconf 87' lang='lat' dir='ltr'><strong>ejus</strong></span> <span class='ocrx_word' id='word_1_98' title='bbox 589 1817 675 1878; x_wconf 78' lang='lat' dir='ltr'><strong>agere</strong></span> <span class='ocrx_word' id='word_1_99' title='bbox 688 1799 794 1871; x_wconf 84' lang='lat' dir='ltr'><strong>vitam,</strong></span> <span class='ocrx_word' id='word_1_100' title='bbox 807 1820 867 1878; x_wconf 91' lang='lat' dir='ltr'><strong>qno</strong></span> 
     </span>
     <span class='ocr_line' id='line_1_16' title="bbox 110 1887 868 1969; baseline 0.008 -27"><span class='ocrx_word' id='word_1_101' title='bbox 110 1887 165 1964; x_wconf 85' lang='lat' dir='ltr'><strong>ipse</strong></span> <span class='ocrx_word' id='word_1_102' title='bbox 176 1890 321 1969; x_wconf 77' lang='lat' dir='ltr'><strong>flagrabat</strong></span> <span class='ocrx_word' id='word_1_103' title='bbox 330 1891 361 1948; x_wconf 90' lang='lat' dir='ltr'><strong>in</strong></span> <span class='ocrx_word' id='word_1_104' title='bbox 372 1907 421 1946; x_wconf 88' lang='lat' dir='ltr'><strong>eas</strong></span> <span class='ocrx_word' id='word_1_105' title='bbox 429 1888 556 1959; x_wconf 84' lang='lat' dir='ltr'><strong>litteras,</strong></span> <span class='ocrx_word' id='word_1_106' title='bbox 567 1907 639 1965; x_wconf 88' lang='lat' dir='ltr'><strong>quas</strong></span> <span class='ocrx_word' id='word_1_107' title='bbox 651 1900 721 1948; x_wconf 83' lang='lat' dir='ltr'><strong>tune</strong></span> <span class='ocrx_word' id='word_1_108' title='bbox 732 1887 792 1964; x_wconf 88' lang='lat' dir='ltr'><strong>jam</strong></span> <span class='ocrx_word' id='word_1_109' title='bbox 803 1889 868 1948; x_wconf 87' lang='lat' dir='ltr'><strong>rbe-</strong></span> 
     </span>
     <span class='ocr_line' id='line_1_17' title="bbox 113 1977 868 2058; baseline 0.003 -24"><span class='ocrx_word' id='word_1_110' title='bbox 113 1987 153 2036; x_wconf 82' lang='lat' dir='ltr'><strong>tor</strong></span> <span class='ocrx_word' id='word_1_111' title='bbox 165 1977 337 2058; x_wconf 78' lang='lat' dir='ltr'><strong>Carthagini</strong></span> <span class='ocrx_word' id='word_1_112' title='bbox 348 1979 545 2042; x_wconf 75' lang='lat' dir='ltr'><strong>adolescentes</strong></span> <span class='ocrx_word' id='word_1_113' title='bbox 557 1977 718 2048; x_wconf 84' lang='lat' dir='ltr'><strong>docebam3</strong></span> <span class='ocrx_word' id='word_1_114' title='bbox 732 1979 868 2056; x_wconf 71' lang='lat' dir='ltr'><strong>ellegere</strong></span> 
     </span>
     <span class='ocr_line' id='line_1_18' title="bbox 112 2067 869 2146; baseline 0.001 -21"><span class='ocrx_word' id='word_1_115' title='bbox 112 2085 170 2125; x_wconf 82' lang='lat' dir='ltr'><strong>eum</strong></span> <span class='ocrx_word' id='word_1_116' title='bbox 184 2091 235 2144; x_wconf 91' lang='lat' dir='ltr'><strong>eo,</strong></span> <span class='ocrx_word' id='word_1_117' title='bbox 248 2071 313 2130; x_wconf 80' lang='lat' dir='ltr'><strong>sire</strong></span> <span class='ocrx_word' id='word_1_118' title='bbox 332 2087 397 2146; x_wconf 69' lang='lat' dir='ltr'><strong>quaa</strong></span> <span class='ocrx_word' id='word_1_119' title='bbox 417 2069 465 2128; x_wconf 89' lang='lat' dir='ltr'><strong>ille</strong></span> <span class='ocrx_word' id='word_1_120' title='bbox 486 2067 587 2126; x_wconf 84' lang='lat' dir='ltr'><strong>audita</strong></span> <span class='ocrx_word' id='word_1_121' title='bbox 601 2067 794 2140; x_wconf 79' lang='lat' dir='ltr'><strong>desideraret,</strong></span> <span class='ocrx_word' id='word_1_122' title='bbox 807 2069 869 2127; x_wconf 86' lang='lat' dir='ltr'><strong>sive</strong></span> 
     </span>
     <span class='ocr_line' id='line_1_19' title="bbox 112 2153 868 2238; baseline 0.003 -22"><span class='ocrx_word' id='word_1_123' title='bbox 112 2175 170 2232; x_wconf 85' lang='lat' dir='ltr'><strong>quae</strong></span> <span class='ocrx_word' id='word_1_124' title='bbox 187 2161 253 2238; x_wconf 83' lang='lat' dir='ltr'><strong>ipse</strong></span> <span class='ocrx_word' id='word_1_125' title='bbox 277 2159 327 2218; x_wconf 88' lang='lat' dir='ltr'><strong>tali</strong></span> <span class='ocrx_word' id='word_1_126' title='bbox 339 2159 455 2236; x_wconf 76' lang='lat' dir='ltr'><strong>ingenio</strong></span> <span class='ocrx_word' id='word_1_127' title='bbox 469 2170 537 2235; x_wconf 84' lang='lat' dir='ltr'><strong>apta</strong></span> <span class='ocrx_word' id='word_1_128' title='bbox 554 2153 758 2219; x_wconf 79' lang='lat' dir='ltr'><strong>existimarem.</strong></span> <span class='ocrx_word' id='word_1_129' title='bbox 774 2163 868 2218; x_wconf 87' lang='lat' dir='ltr'><strong>Caete-</strong></span> 
     </span>
     <span class='ocr_line' id='line_1_20' title="bbox 112 2239 868 2325; baseline 0.001 -19"><span class='ocrx_word' id='word_1_130' title='bbox 112 2264 171 2306; x_wconf 83' lang='lat' dir='ltr'><strong>rum</strong></span> <span class='ocrx_word' id='word_1_131' title='bbox 184 2252 310 2308; x_wconf 83' lang='lat' dir='ltr'><strong>conatus</strong></span> <span class='ocrx_word' id='word_1_132' title='bbox 320 2239 415 2306; x_wconf 87' lang='lat' dir='ltr'><strong>omnis</strong></span> <span class='ocrx_word' id='word_1_133' title='bbox 427 2266 521 2318; x_wconf 82' lang='lat' dir='ltr'><strong>meus,</strong></span> <span class='ocrx_word' id='word_1_134' title='bbox 541 2267 600 2323; x_wconf 85' lang='lat' dir='ltr'><strong>quo</strong></span> <span class='ocrx_word' id='word_1_135' title='bbox 613 2249 757 2325; x_wconf 85' lang='lat' dir='ltr'><strong>prolicere</strong></span> <span class='ocrx_word' id='word_1_136' title='bbox 770 2250 800 2310; x_wconf 86' lang='lat' dir='ltr'><strong>in</strong></span> <span class='ocrx_word' id='word_1_137' title='bbox 818 2251 868 2308; x_wconf 87' lang='lat' dir='ltr'><strong>illa</strong></span> 
     </span>
     <span class='ocr_line' id='line_1_21' title="bbox 112 2336 868 2417; baseline 0.008 -23"><span class='ocrx_word' id='word_1_138' title='bbox 112 2349 184 2396; x_wconf 86' lang='lat' dir='ltr'><strong>secta</strong></span> <span class='ocrx_word' id='word_1_139' title='bbox 204 2351 382 2408; x_wconf 84' lang='lat' dir='ltr'><strong>statueram,</strong></span> <span class='ocrx_word' id='word_1_140' title='bbox 399 2337 449 2395; x_wconf 89' lang='lat' dir='ltr'><strong>illo</strong></span> <span class='ocrx_word' id='word_1_141' title='bbox 469 2336 586 2395; x_wconf 90' lang='lat' dir='ltr'><strong>bomine</strong></span> <span class='ocrx_word' id='word_1_142' title='bbox 612 2339 727 2414; x_wconf 76' lang='lat' dir='ltr'><strong>cognito</strong></span> <span class='ocrx_word' id='word_1_143' title='bbox 748 2359 868 2417; x_wconf 86' lang='lat' dir='ltr'><strong>prorsus</strong></span> 
     </span>
     <span class='ocr_line' id='line_1_22' title="bbox 112 2420 868 2504; baseline 0.009 -23"><span class='ocrx_word' id='word_1_144' title='bbox 112 2424 277 2489; x_wconf 85' lang='lat' dir='ltr'><strong>intercidit:</strong></span> <span class='ocrx_word' id='word_1_145' title='bbox 291 2435 351 2486; x_wconf 76' lang='lat' dir='ltr'><strong>nnn</strong></span> <span class='ocrx_word' id='word_1_146' title='bbox 361 2439 395 2494; x_wconf 86' lang='lat' dir='ltr'><strong>nt</strong></span> <span class='ocrx_word' id='word_1_147' title='bbox 403 2420 442 2488; x_wconf 84' lang='lat' dir='ltr'><strong>ab</strong></span> <span class='ocrx_word' id='word_1_148' title='bbox 451 2426 493 2484; x_wconf 87' lang='lat' dir='ltr'><strong>eis</strong></span> <span class='ocrx_word' id='word_1_149' title='bbox 507 2427 624 2486; x_wconf 85' lang='lat' dir='ltr'><strong>omnino</strong></span> <span class='ocrx_word' id='word_1_150' title='bbox 640 2445 807 2504; x_wconf 81' lang='lat' dir='ltr'><strong>separarer,</strong></span> <span class='ocrx_word' id='word_1_151' title='bbox 817 2432 868 2488; x_wconf 88' lang='lat' dir='ltr'><strong>sed</strong></span> 
     </span>
     <span class='ocr_line' id='line_1_23' title="bbox 114 2515 869 2597; baseline 0.007 -24"><span class='ocrx_word' id='word_1_152' title='bbox 114 2516 192 2588; x_wconf 87' lang='lat' dir='ltr'><strong>qnasi</strong></span> <span class='ocrx_word' id='word_1_153' title='bbox 205 2516 311 2584; x_wconf 87' lang='lat' dir='ltr'><strong>melius</strong></span> <span class='ocrx_word' id='word_1_154' title='bbox 324 2515 485 2592; x_wconf 86' lang='lat' dir='ltr'><strong>quidquam</strong></span> <span class='ocrx_word' id='word_1_155' title='bbox 499 2533 558 2574; x_wconf 86' lang='lat' dir='ltr'><strong>non</strong></span> <span class='ocrx_word' id='word_1_156' title='bbox 577 2515 742 2588; x_wconf 81' lang='lat' dir='ltr'><strong>inveniens,</strong></span> <span class='ocrx_word' id='word_1_157' title='bbox 756 2538 792 2576; x_wconf 91' lang='lat' dir='ltr'><strong>eo</strong></span> <span class='ocrx_word' id='word_1_158' title='bbox 810 2538 869 2597; x_wconf 89' lang='lat' dir='ltr'><strong>qno</strong></span> 
     </span>
     <span class='ocr_line' id='line_1_24' title="bbox 113 2599 869 2684; baseline 0.001 -18"><span class='ocrx_word' id='word_1_159' title='bbox 113 2599 168 2676; x_wconf 72' lang='lat' dir='ltr'><strong>itan</strong></span> <span class='ocrx_word' id='word_1_160' title='bbox 182 2626 304 2684; x_wconf 82' lang='lat' dir='ltr'><strong>quoquo</strong></span> <span class='ocrx_word' id='word_1_161' title='bbox 315 2605 403 2664; x_wconf 88' lang='lat' dir='ltr'><strong>modo</strong></span> <span class='ocrx_word' id='word_1_162' title='bbox 417 2605 577 2678; x_wconf 83' lang='lat' dir='ltr'><strong>irrueram,</strong></span> <span class='ocrx_word' id='word_1_163' title='bbox 590 2618 741 2665; x_wconf 85' lang='lat' dir='ltr'><strong>contentus</strong></span> <span class='ocrx_word' id='word_1_164' title='bbox 754 2608 869 2667; x_wconf 84' lang='lat' dir='ltr'><strong>interim</strong></span> 
     </span>
     <span class='ocr_line' id='line_1_25' title="bbox 117 2696 870 2777; baseline 0.007 -25"><span class='ocrx_word' id='word_1_165' title='bbox 117 2711 174 2754; x_wconf 85' lang='lat' dir='ltr'><strong>esse</strong></span> <span class='ocrx_word' id='word_1_166' title='bbox 190 2697 392 2770; x_wconf 74' lang='lat' dir='ltr'><strong>decreveram,</strong></span> <span class='ocrx_word' id='word_1_167' title='bbox 409 2696 464 2754; x_wconf 88' lang='lat' dir='ltr'><strong>uisi</strong></span> <span class='ocrx_word' id='word_1_168' title='bbox 469 2696 589 2772; x_wconf 79' lang='lat' dir='ltr'><strong>‚aliquid</strong></span> <span class='ocrx_word' id='word_1_169' title='bbox 601 2697 677 2754; x_wconf 77' lang='lat' dir='ltr'><strong>forte</strong></span> <span class='ocrx_word' id='word_1_170' title='bbox 689 2696 770 2772; x_wconf 84' lang='lat' dir='ltr'><strong>quod</strong></span> <span class='ocrx_word' id='word_1_171' title='bbox 781 2699 870 2777; x_wconf 78' lang='lat' dir='ltr'><strong>magis</strong></span> 
     </span>
     <span class='ocr_line' id='line_1_26' title="bbox 117 2781 870 2865; baseline 0.005 -22"><span class='ocrx_word' id='word_1_172' title='bbox 117 2781 279 2862; x_wconf 73' lang='lat' dir='ltr'><strong>eligendum</strong></span> <span class='ocrx_word' id='word_1_173' title='bbox 297 2799 371 2846; x_wconf 89' lang='lat' dir='ltr'><strong>esset</strong></span> <span class='ocrx_word' id='word_1_174' title='bbox 384 2787 520 2853; x_wconf 72' lang='lat' dir='ltr'><strong>eluceret.</strong></span> <span class='ocrx_word' id='word_1_175' title='bbox 539 2789 584 2842; x_wconf 87' lang='lat' dir='ltr'><strong>Ita</strong></span> <span class='ocrx_word' id='word_1_176' title='bbox 604 2785 652 2842; x_wconf 90' lang='lat' dir='ltr'><strong>ille</strong></span> <span class='ocrx_word' id='word_1_177' title='bbox 665 2788 801 2860; x_wconf 84' lang='lat' dir='ltr'><strong>Faustus,</strong></span> <span class='ocrx_word' id='word_1_178' title='bbox 820 2790 870 2865; x_wconf 89' lang='lat' dir='ltr'><strong>qui</strong></span> 
     </span>
     <span class='ocr_line' id='line_1_27' title="bbox 118 2871 869 2956; baseline 0.012 -26"><span class='ocrx_word' id='word_1_179' title='bbox 118 2875 210 2936; x_wconf 88' lang='lat' dir='ltr'><strong>multis</strong></span> <span class='ocrx_word' id='word_1_180' title='bbox 223 2871 346 2954; x_wconf 77' lang='lat' dir='ltr'><strong>laqueus</strong></span> <span class='ocrx_word' id='word_1_181' title='bbox 363 2877 464 2945; x_wconf 85' lang='lat' dir='ltr'><strong>mortis</strong></span> <span class='ocrx_word' id='word_1_182' title='bbox 483 2875 609 2946; x_wconf 83' lang='lat' dir='ltr'><strong>exstitit,</strong></span> <span class='ocrx_word' id='word_1_183' title='bbox 625 2894 722 2934; x_wconf 79' lang='lat' dir='ltr'><strong>meum</strong></span> <span class='ocrx_word' id='word_1_184' title='bbox 740 2897 799 2956; x_wconf 88' lang='lat' dir='ltr'><strong>quo</strong></span> <span class='ocrx_word' id='word_1_185' title='bbox 818 2899 869 2938; x_wconf 81' lang='lat' dir='ltr'><strong>na-</strong></span> 
     </span>
     <span class='ocr_line' id='line_1_28' title="bbox 120 2965 870 3042; baseline 0.008 -20"><span class='ocrx_word' id='word_1_186' title='bbox 120 2974 183 3036; x_wconf 87' lang='lat' dir='ltr'><strong>ptus</strong></span> <span class='ocrx_word' id='word_1_187' title='bbox 194 2986 272 3026; x_wconf 86' lang='lat' dir='ltr'><strong>eram</strong></span> <span class='ocrx_word' id='word_1_188' title='bbox 283 2968 415 3026; x_wconf 74' lang='lat' dir='ltr'><strong>relaxare</strong></span> <span class='ocrx_word' id='word_1_189' title='bbox 421 2965 483 3042; x_wconf 88' lang='lat' dir='ltr'><strong>jam</strong></span> <span class='ocrx_word' id='word_1_190' title='bbox 493 2977 630 3041; x_wconf 79' lang='lat' dir='ltr'><strong>coeperat,</strong></span> <span class='ocrx_word' id='word_1_191' title='bbox 637 2985 692 3027; x_wconf 81' lang='lat' dir='ltr'><strong>nen</strong></span> <span class='ocrx_word' id='word_1_192' title='bbox 703 2970 803 3028; x_wconf 86' lang='lat' dir='ltr'><strong>volens</strong></span> <span class='ocrx_word' id='word_1_193' title='bbox 817 2990 870 3028; x_wconf 83' lang='lat' dir='ltr'><strong>nea</strong></span> 
     </span>
     <span class='ocr_line' id='line_1_29' title="bbox 119 3054 871 3131; baseline 0.013 -22"><span class='ocrx_word' id='word_1_194' title='bbox 119 3054 215 3118; x_wconf 84' lang='lat' dir='ltr'><strong>sciens.</strong></span> <span class='ocrx_word' id='word_1_195' title='bbox 232 3063 335 3116; x_wconf 84' lang='lat' dir='ltr'><strong>Manus</strong></span> <span class='ocrx_word' id='word_1_196' title='bbox 353 3057 429 3114; x_wconf 87' lang='lat' dir='ltr'><strong>enim</strong></span> <span class='ocrx_word' id='word_1_197' title='bbox 450 3068 520 3126; x_wconf 85' lang='lat' dir='ltr'><strong>tuae,</strong></span> <span class='ocrx_word' id='word_1_198' title='bbox 537 3061 617 3120; x_wconf 86' lang='lat' dir='ltr'><strong>Deus</strong></span> <span class='ocrx_word' id='word_1_199' title='bbox 637 3077 736 3131; x_wconf 90' lang='lat' dir='ltr'><strong>meus,</strong></span> <span class='ocrx_word' id='word_1_200' title='bbox 761 3061 792 3118; x_wconf 89' lang='lat' dir='ltr'><strong>in</strong></span> <span class='ocrx_word' id='word_1_201' title='bbox 814 3061 871 3119; x_wconf 82' lang='lat' dir='ltr'><strong>ab·</strong></span> 
     </span>
     <span class='ocr_line' id='line_1_30' title="bbox 122 3140 869 3225; baseline 0.008 -23"><span class='ocrx_word' id='word_1_202' title='bbox 122 3140 178 3204; x_wconf 84' lang='lat' dir='ltr'><strong>dito</strong></span> <span class='ocrx_word' id='word_1_203' title='bbox 194 3148 383 3225; x_wconf 77' lang='lat' dir='ltr'><strong>providentiae</strong></span> <span class='ocrx_word' id='word_1_204' title='bbox 402 3159 471 3220; x_wconf 88' lang='lat' dir='ltr'><strong>tuae,</strong></span> <span class='ocrx_word' id='word_1_205' title='bbox 486 3166 543 3204; x_wconf 89' lang='lat' dir='ltr'><strong>non</strong></span> <span class='ocrx_word' id='word_1_206' title='bbox 560 3146 734 3206; x_wconf 87' lang='lat' dir='ltr'><strong>deserebant</strong></span> <span class='ocrx_word' id='word_1_207' title='bbox 745 3151 869 3208; x_wconf 90' lang='lat' dir='ltr'><strong>animam</strong></span> 
     </span>
     <span class='ocr_line' id='line_1_31' title="bbox 122 3237 870 3318; baseline 0.012 -29"><span class='ocrx_word' id='word_1_208' title='bbox 122 3251 223 3308; x_wconf 82' lang='lat' dir='ltr'><strong>meam3</strong></span> <span class='ocrx_word' id='word_1_209' title='bbox 240 3251 269 3296; x_wconf 86' lang='lat' dir='ltr'><strong>et</strong></span> <span class='ocrx_word' id='word_1_210' title='bbox 280 3239 322 3297; x_wconf 81' lang='lat' dir='ltr'><strong>&#39;de</strong></span> <span class='ocrx_word' id='word_1_211' title='bbox 331 3237 475 3314; x_wconf 75' lang='lat' dir='ltr'><strong>sanguine</strong></span> <span class='ocrx_word' id='word_1_212' title='bbox 493 3237 588 3297; x_wconf 90' lang='lat' dir='ltr'><strong>cordis</strong></span> <span class='ocrx_word' id='word_1_213' title='bbox 601 3240 702 3298; x_wconf 85' lang='lat' dir='ltr'><strong>matria</strong></span> <span class='ocrx_word' id='word_1_214' title='bbox 719 3255 805 3311; x_wconf 85' lang='lat' dir='ltr'><strong>meae,</strong></span> <span class='ocrx_word' id='word_1_215' title='bbox 816 3260 870 3318; x_wconf 89' lang='lat' dir='ltr'><strong>per</strong></span> 
     </span>
    </p>
   </div>
   <div class='ocr_carea' id='block_1_3' title="bbox 0 0 1171 4020">
    <p class='ocr_par' dir='ltr' id='par_1_4' title="bbox 0 0 1171 4020">
     <span class='ocr_line' id='line_1_32' title="bbox 0 0 1171 4020; baseline 0 0"><span class='ocrx_word' id='word_1_216' title='bbox 0 0 1171 4020; x_wconf 95' lang='lat' dir='ltr'><strong> </strong></span> 
     </span>
    </p>
   </div>
  </div>
 </body>
</html>
