2356 4018
306 439 555 528 courns'stouuu
572 471 665 520 unua
683 473 751 522 vur.
853 479 908 532 ,aas

148 564 187 620 de
217 563 305 622 domo
333 565 442 638 aliena,
459 566 484 625 si
505 565 604 625 subest
627 569 758 642 occasi03
779 569 856 630 addo
880 587 910 632 et

146 665 299 730 quartum,
314 675 351 712 an
371 654 408 713 ad
423 656 660 715 committendum
678 658 868 735 adulterium,
882 665 907 723 si

146 754 177 800 et
195 743 265 801 inde
283 745 369 802 simul
382 745 503 804 facultas
522 745 666 824 aperitur,
679 747 704 804 si
719 751 819 808 omnia
833 771 906 810 con-

148 845 268 891 currant
286 834 316 891 in
335 854 425 893 unum
443 835 598 893 articulum
616 837 767 914 temporis,
781 841 906 918 pariter-

146 943 207 1001 que
218 924 375 1003 cupiautur
388 926 487 985 omnia
497 946 563 1003 quae
576 926 663 986 simul
674 928 721 1004 agi
731 946 884 1006 'nequeunt
897 955 903 988 :

147 1011 319 1092 discerpunt
336 1015 413 1086 euim
432 1015 563 1074 animum
585 1013 711 1074 sibimet
721 1015 904 1080 adversanti,-

146 1101 204 1162 hus
214 1115 340 1182 quatuor
350 1103 561 1177 voluntatibus,
568 1105 615 1163 vel
627 1105 713 1164 etiarn
727 1106 861 1184 pluribus
872 1109 905 1166 in

147 1199 227 1252 tanta
245 1195 330 1272 copia
342 1215 441 1254 rerum
457 1214 523 1272 quac
541 1207 727 1273 appetuntur,
740 1217 800 1270 nec,
808 1209 905 1272 tamen

147 1294 258 1354 tantam
280 1285 497 1344 multitudinem
520 1283 702 1355 diversarum
724 1285 902 1362 substantia-

145 1391 213 1430 rum
228 1373 321 1437 solent
330 1373 427 1458 dicere
438 1395 446 1430 ε
456 1374 498 1432 ita
508 1387 537 1432 et
549 1374 581 1432 in
593 1374 681 1434 bonis
693 1376 901 1452 voluntatibus.

145 1463 375 1540 Namquaroah
386 1463 427 1522 eis
436 1475 534 1522 utrum
548 1463 660 1523 bonum
670 1465 706 1522 sit
717 1464 853 1526 delectari
864 1469 903 1526 le·

146 1549 243 1610 ctione
256 1551 401 1628 Apostoli,
415 1564 445 1611 et
460 1564 558 1612 utrum
577 1553 689 1612 bonum
708 1555 745 1612 sit
765 1555 902 1616 delectari

146 1642 258 1719 psalmo
270 1641 380 1714 sobrio,
390 1654 420 1700 ct
430 1654 529 1702 utrum
541 1643 651 1702 bonum
666 1644 702 1702 sit
713 1645 901 1722 Evangelium

144 1729 295 1793 disserere.
313 1732 543 1814 Respondebunt
562 1732 599 1790 ad
611 1733 737 1809 'singula-
752 1755 759 1790 :
777 1738 899 1792 Bonum.

145 1820 225 1896 Quid
236 1821 261 1880 si
275 1840 348 1898 ergo
359 1822 468 1899 pariter,
485 1821 627 1880 delectent
644 1821 741 1880 omnia
756 1821 901 1899 simulque

132 1929 205 1970 'uno
215 1915 363 1990 tempore?
372 1917 475 1970 Nonne
487 1912 608 1976 diuersae
620 1912 783 1984 voluntates
794 1909 901 1968 disten-

145 1999 220 2059 dunt
231 2021 282 2060 cor
294 1991 437 2073 hominis,
451 2020 518 2060 cum
529 1999 708 2058 deliberatur
719 1999 791 2077 quid
804 1999 899 2079 potis-

145 2091 466 2170 simumarripiamns?
483 2095 519 2148 Et
541 2088 751 2151 omnesbonae
771 2101 851 2160 sunt,
872 2102 902 2147 et

146 2195 257 2242 certant
270 2191 380 2255 secum,
395 2181 496 2249 donec,
509 2182 631 2258 eligatur
652 2171 757 2255 unum',
775 2199 834 2258 quo
856 2172 900 2238 fe·

144 2285 225 2332 ratur
245 2286 307 2332 tcta
323 2275 458 2332 voluntas
478 2292 550 2346 una,
565 2293 631 2350 quae
651 2273 682 2330 in
701 2273 799 2350 plures
820 2269 899 2352 divi-

144 2361 277 2422 debatur.
296 2367 339 2422 Ita
349 2362 440 2442 ,etiam
457 2382 535 2440 cum²
547 2363 691 2421 aeternitas
711 2361 834 2421 delectat
851 2380 900 2437 su-

142 2453 257 2530 perius,
282 2464 311 2510 et
333 2440 500 2530 temporalis
524 2449 595 2522 boui
620 2453 753 2530 voluptas
775 2461 900 2509 retentat

141 2540 280 2612 inferius,
296 2537 398 2607 eadem
418 2540 516 2598 anima
534 2551 651 2598 estnon
668 2551 731 2612 tcta
748 2540 896 2599 voluntate

142 2629 214 2690 illud
227 2641 282 2692 ,aut
296 2629 353 2690 hoc
367 2629 481 2701 volens-3
496 2641 525 2688 et
538 2629 606 2688 ideo
621 2627 795 2705 discerpitur
814 2629 899 2704 gravi
926 2705 927 2708 Ἴ

143 2719 289 2791 molestia‚·
299 2717 370 2780 dum
383 2717 458 2776 illud
475 2717 598 2781 ueritate
615 2715 774 2796 praeponit,
788 2714 844 2772 hoc
859 2713 899 2786 fa-

144 2807 310 2868 rmliaritute
327 2825 387 2865 non
403 2805 520 2885 ponit*.
