2326 4020
306 483 560 536 commodum
578 483 672 532 LIBER
690 486 723 532 11.
863 492 895 536 55

137 583 196 640 haec
213 583 356 642 memoria
374 603 454 656 mea,
472 596 501 642 et
518 583 614 640 anima
631 602 697 642 mea
713 603 773 642 non
793 588 898 646 metuit

135 671 223 732 inde?
235 671 364 750 Diligam
384 686 422 745 te,
440 673 575 744 Domine,
591 685 620 729 et
633 672 739 751 gratias
753 693 850 752 agam,
867 690 898 736 et

136 764 276 824 confitear
292 765 403 822 nomini
424 777 487 835 tuo,
504 763 644 839 quoniam
665 775 742 822 tanta
764 765 898 826 dimisisti

136 855 210 912 mihi
226 855 304 914 mala
324 868 354 914 et
375 855 486 914 nefaria
510 872 601 930 opera
619 872 693 912 mea.
713 855 819 914 Gratiae
840 870 896 916 tuae

139 945 250 1022 deputo
261 958 290 1002 et
304 944 511 1004 misericordiae
524 955 591 1015 tuae,
606 942 685 1020 quod
698 957 819 1021 peccata
832 965 897 1005 mea

141 1046 275 1110 tanquam
295 1034 417 1112 glaciem
437 1033 556 1094 solvisti.
579 1033 685 1094 Gratiae
706 1047 763 1092 tuae
785 1033 897 1112 deputo

138 1136 168 1180 et
196 1143 387 1201 quaecumque
417 1144 477 1182 non
505 1123 562 1182 feci
589 1125 696 1185 mala:
719 1125 791 1202 quid
819 1127 897 1188 euim

137 1233 196 1272 uon
213 1214 311 1272 iacere
326 1215 419 1316 potui,
432 1214 485 1292 qui
498 1213 584 1272 ctiam
605 1213 765 1310 gratuitum
783 1214 898 1276 facinus

137 1303 251 1362 amavi?
269 1307 306 1360 Et
322 1305 419 1362 omnia
437 1303 510 1362 mihi
526 1303 644 1362 dimissa
664 1279 726 1364 esic
742 1303 849 1376 fatcor3
868 1319 898 1366 et

122 1412 204 1471 *quae
225 1412 291 1452 mea
314 1406 417 1470 sponte
439 1394 495 1452 ieci
519 1395 611 1464 maia,
633 1407 662 1452 et
685 1413 751 1470 quar
772 1407 800 1454 te
821 1393 896 1456 duce

137 1502 196 1540 non
210 1483 278 1544 feci.
293 1484 365 1558 Quis
379 1497 423 1544 cat
437 1484 589 1544 hominum
603 1484 655 1561 qui
672 1503 754 1545 suam
768 1485 896 1561 cogitans

136 1571 346 1645 infirmitatem,
358 1574 447 1634 audet
461 1571 574 1632 viribus
588 1573 648 1634 suis
663 1572 796 1633 tribuere
815 1575 898 1634 cauti·

138 1673 228 1720 tatem
244 1674 332 1738 atque
344 1662 538 1722 innocontiam
552 1681 649 1734 suam3
664 1675 698 1720 ut
712 1663 807 1720 minus
820 1677 897 1722 amet

139 1763 178 1822 te,
197 1752 282 1828 qraasi
300 1751 394 1810 minus
411 1752 440 1812 ei
454 1753 618 1812 necessaria
632 1751 722 1809 fuerit
736 1752 898 1812 misericor·

139 1839 189 1900 dia
211 1853 273 1912 tua,
291 1861 349 1918 qua
370 1842 460 1902 donas
480 1855 600 1920 peccata
620 1839 767 1900 conversis
790 1840 826 1898 ad
850 1845 898 1900 te?

138 1930 195 2004 Qui
208 1930 287 1994 enim
300 1942 421 1990 uocatus
432 1951 450 1992 a
461 1945 490 1990 te
501 1943 618 1991 secutus
631 1940 676 1990 est
688 1948 791 1988 vocem
806 1942 897 2002 tuam,

137 2033 167 2079 et
186 2021 292 2083 vitavit
308 2041 344 2080 ea
361 2041 426 2099 quae¹
445 2021 547 2082 mede
565 2023 677 2100 meipso
695 2018 901 2090 recordantem

138 2124 169 2174 et
189 2111 326 2170 fatentem
345 2112 425 2190 legit,
441 2131 503 2172 non
515 2132 562 2172 me
579 2111 710 2183 derideat
726 2110 764 2170 ab
781 2130 817 2169 eo
834 2131 898 2170 me-

139 2199 207 2260 dico
227 2219 336 2279 aegriun
355 2202 467 2272 sanari,
488 2220 505 2260 a
526 2221 586 2280 quo
603 2200 659 2260 sibi
675 2200 837 2279 praestitum
856 2213 899 2260 est

140 2303 173 2350 ut
189 2309 249 2350 non
264 2304 428 2370 egrotaret,
439 2291 486 2350 vel
505 2291 604 2370 potius
620 2303 653 2349 ut
669 2291 765 2350 minus
778 2303 899 2370 aegrota-

138 2394 201 2439 ret:
216 2396 246 2441 et
264 2382 332 2440 ideo
351 2396 379 2442 te
395 2382 587 2454 tantumdem,
605 2383 664 2442 imo
682 2401 754 2442 vero
774 2383 898 2460 amplius

139 2470 258 2550 diligat;
275 2473 344 2548 quia
361 2492 415 2550 per
431 2492 518 2548 quem
535 2491 581 2530 me
597 2470 679 2528 videt
693 2471 778 2530 tantis
792 2491 898 2548 pecca-

139 2574 236 2620 torum
258 2582 390 2620 meorum
410 2561 601 2640 languoribus
619 2560 698 2632 exui,
715 2579 768 2638 per
785 2579 851 2617 eum
868 2578 898 2616 sc

138 2651 219 2710 videt
240 2653 327 2710 tantis
347 2665 536 2729 peccatorum
553 2647 744 2728 languoribus
762 2669 821 2706 non
839 2649 897 2706 im—

140 2741 251 2818 plicari.

394 2861 528 2933 CAPUT
549 2869 641 2934 VIII.
725 2873 726 2876 ’

191 3037 292 3090 Amavit
304 3037 331 3088 in
347 3037 412 3092 inmo
429 3037 579 3090 consortium
597 3037 669 3088 simul
688 3033 846 3103 peccantium.

129 3206 134 3215 ·
184 3191 228 3248 16.
245 3195 340 3265 Quem
352 3191 480 3249 fructum
493 3189 585 3249 habui
597 3189 684 3248 miser
699 3165 856 3264 aliquando
871 3183 899 3238 in
