2354 4034
277 389 330 464 ⁴⁷4
464 423 488 471 o.
507 419 689 470 mausum
706 420 850 472 misoom

277 523 375 576 mundi
387 528 557 596 accepimus,
570 523 624 577 sed
635 521 771 595 Spiritum
787 527 837 595 qui
854 541 893 578 ex
907 523 969 578 Deo
981 537 1040 596 est,

276 623 307 665 ut
320 618 446 669 sciamus
462 633 532 690 quoe
549 633 568 669 a
586 615 648 668 Deo
666 613 774 668 donata
788 625 856 668 sunt
871 611 983 672 nobis&
1000 618 1040 673 Et

275 701 436 762 admoneor
450 717 483 762 ut
498 705 593 789 dicam
605 725 614 761 τ
625 709 710 765 Certe
725 723 812 760 nemo
829 703 884 762 scit
899 723 964 782 quae
981 708 1040 766 Dei

274 805 351 865 suut,
366 795 421 853 nisi
437 796 563 874 Spiritus
581 796 645 854 Dei.
660 795 817 870 Quomodo
837 815 907 874 ergo
926 796 1040 858 scimus

274 895 304 940 et
319 901 372 944 nos
389 907 485 964 quaea
501 893 565 946 Deo
581 888 689 948 donata
702 899 770 946 sunt
786 887 890 948 uobis?
900 893 1038 968 Respon-

274 971 361 1034 detur
384 979 455 1038 mihi
481 979 620 1058 quoniam
644 999 709 1057 quae
732 998 787 1057 per
808 978 872 1058 ejus
895 979 1037 1057 Spiritum

273 1067 390 1143 scimus,
407 1073 494 1132 etiam
511 1073 552 1132 sic
568 1093 651 1130 nemo
669 1079 733 1144 scit,
754 1079 812 1130 πίει·
828 1073 949 1148 Spiritus
967 1077 1034 1132 Dei.

273 1158 451 1222 sicutenim
475 1177 555 1222 recte
579 1164 691 1222 dictum
711 1177 771 1235 est,
793 1167 861 1223 Non
883 1171 959 1222 euim
980 1186 1034 1224 vot

271 1258 338 1306 este's
352 1261 403 1328 qui
420 1259 570 1331 loquimini
578 1265 600 1326 ²,
616 1256 658 1314 eis
675 1255 773 1332 quiin
789 1253 898 1333 Spiritu
914 1254 969 1314 Dei
986 1255 1036 1314 lo-

271 1358 446 1418 quereum-3
463 1347 505 1405 sic
521 1359 600 1406 recte
618 1347 736 1419 dicitur,
751 1350 817 1404 Non
831 1365 883 1404 vos
899 1344 968 1404 estis
980 1348 1035 1424 qui

271 1434 359 1509 scitis,
374 1437 475 1516 eisqui
490 1439 520 1496 in
532 1440 587 1498 Dei
601 1439 711 1517 Spiritu
722 1438 827 1496 sciunt.
837 1437 1035 1497 Nihilominus

270 1525 360 1602 igitur
378 1541 458 1592 recte
475 1530 593 1602 dicitur,
612 1534 677 1588 Non
696 1548 748 1588 vos
764 1527 833 1586 estis
850 1528 902 1606 qui
917 1527 1034 1602 videtis,

248 1631 250 1637 ⁴
270 1616 311 1675 eis
326 1620 377 1697 qui
392 1621 423 1678 iu
437 1621 548 1700 Spiritu
564 1621 619 1682 Doi
637 1621 738 1682 vident
755 1642 762 1678 :
778 1619 820 1677 ita
836 1619 981 1696 quidquid
1001 1621 1032 1679 in

268 1709 377 1786 Spiritu
399 1713 454 1771 Dti
474 1714 575 1772 vident
590 1713 660 1791 quia
678 1711 789 1772 bouum
807 1723 868 1782 est3
881 1729 948 1768 *uon
962 1709 1032 1788 ipsi,

269 1799 320 1858 sed
333 1806 413 1861 Deus
424 1803 506 1862 videt
517 1805 588 1882 quia
599 1802 708 1862 bouum
722 1813 775 1861 est.
791 1800 880 1860 Aliud
892 1819 962 1878 ergo
975 1813 1031 1874 est,

269 1903 302 1949 ut
316 1907 400 1970 putet
414 1895 540 1972 quisque
553 1897 664 1954 molum
678 1913 740 1953 esse
756 1893 838 1971 quod
851 1891 961 1950 bonum
975 1905 1030 1965 est,

268 1983 368 2057 quales
385 1984 545 2061 supradicti
560 1997 647 2044 suut:
663 1983 753 2054 aliud,
771 1994 804 2040 ut
823 1981 902 2060 quod
916 1979 1029 2040 bouum

268 2084 319 2144 est,
336 2074 434 2132 videat
447 2074 536 2132 homo
553 2074 622 2152 quia
637 2071 747 2131 bouum
762 2085 822 2144 est;
839 2071 914 2129 sicut
928 2071 1028 2130 multis

267 2174 317 2220 tua
336 2177 470 2223 creatura
487 2167 583 2244 placet
600 2165 670 2242 quia
687 2163 765 2222 bona
783 2174 839 2234 est,
858 2160 966 2240 quibus
982 2175 1029 2221 ta-

266 2273 332 2311 men
353 2274 412 2314 uon
427 2268 460 2313 tu
478 2257 576 2333 places
592 2257 622 2314 iu
639 2275 683 2328 ea,
697 2254 776 2314 uude
790 2253 848 2312 frui
862 2252 951 2330 magis
964 2254 1028 2332 ipsa

265 2365 353 2421 quam
368 2359 396 2402 to
410 2345 513 2404 volunt
527 2368 534 2402 τ
550 2347 631 2403 aliud
649 2359 761 2419 autem,
778 2358 810 2404 ut
829 2365 896 2402 cum
914 2344 1026 2422 aliquid

263 2433 345 2494 videt
356 2435 526 2514 homoquia
536 2434 647 2501 bonum
661 2448 716 2509 est,
726 2441 807 2496 Deus
817 2435 848 2492 iu
861 2435 912 2494 iiio
928 2435 1026 2495 videat

265 2527 334 2604 quio
352 2523 463 2588 bonum
485 2542 544 2601 est;
561 2539 594 2587 ut
609 2528 721 2588 scilicet
738 2529 787 2587 ille
807 2539 919 2586 ametur
930 2527 970 2589 riu
988 2546 1025 2588 eo

262 2619 344 2695 quod
358 2620 437 2692 fecit,
450 2621 571 2698 quinon
587 2632 735 2701 amaretur
748 2619 803 2678 nisi
817 2638 870 2697 per
883 2617 1025 2696 Spiritum

263 2725 395 2785 sanctum
416 2733 505 2790 quem
532 2713 629 2784 dedit3
653 2713 791 2790 quoniam
815 2711 943 2770 charitas
967 2711 1025 2768 Dei

164 2877 166 2882 Ι
227 2875 228 2882 ¹
263 2803 372 2862 diffusa
394 2817 438 2864 est
463 2804 494 2863 iu
513 2802 788 2869 cordibussnostiis
809 2822 863 2881 per
883 2801 1023 2880 Spiritum

262 2906 394 2953 sanctum
408 2896 460 2974 qui
479 2896 563 2954 datus
576 2908 621 2954 est
638 2895 723 2954 nobis
733 2891 755 2967 ³,
768 2913 824 2972 per
838 2913 926 2972 quem
939 2891 1024 2954 ‚vide-

262 3005 326 3044 mus
346 2988 417 3065 quia
440 2989 551 3048 bonum
573 3002 617 3048 est
638 2987 784 3068 quidquid
809 2986 908 3065 aliquo
932 2983 1022 3044 modo

298 3187 307 3212 ¹
322 3179 394 3228 [Cor.
406 3193 434 3238 u,
456 3182 482 3228 ll
490 3214 496 3240 ,
512 3183 594 3232 12-
605 3189 616 3216 ²
627 3178 715 3232 iouh.
726 3195 756 3240 x,
770 3175 862 3230 20.-³
873 3179 945 3228 Rom.
959 3193 983 3238 v,
995 3180 1020 3226 5.
