2356 4018
279 449 327 498 208
462 447 487 495 S.
505 441 691 494 AUGUSTINI
706 444 851 495 nrtscort

276 548 347 607 meis
361 545 451 606 verba
465 558 528 618 tua,
542 557 572 602 et
585 543 714 623 undique
725 544 968 604 circumvallabar
981 545 1034 607 abs

277 648 314 694 te.
329 641 373 696 De
387 633 447 695 vita
467 647 517 692 tua
532 646 640 693 aterna
660 647 756 693 certus
777 654 856 693 eram
877 656 884 692 ε
900 633 1034 712 quamvis

276 745 339 784 eam
354 728 385 785 in
405 727 555 804 aenigmate
569 737 599 783 et
616 725 699 802 quasi
713 745 766 802 per
780 711 932 802 sphlum
948 725 1034 784 vide-

275 834 338 873 ram
352 825 361 850 ¹
372 838 380 888 ;
393 815 538 874 dubitatio
551 829 647 873 tamen
662 815 755 873 omnis
770 813 805 872 de
817 814 1036 892 incorruptibili

226 979 231 990 .
275 904 447 977 substantia,
457 905 537 983 quod
547 905 584 962 ab
595 906 645 963 illa
658 917 733 963 esset
745 904 839 962 omnis
858 903 1034 978 substantia,

276 993 373 1053 ablata
389 995 461 1054 mihi
475 1007 537 1054 erat
554 1015 561 1051 ε
580 1013 634 1053 nec
648 993 756 1053 certior
774 994 810 1053 de
821 1007 862 1068 te,
875 995 926 1052 sed
940 995 1035 1054 stabi-

275 1083 331 1144 lior
346 1087 378 1144 in
392 1099 419 1145 te
437 1107 498 1146 esse
512 1087 674 1164 cupiebam.
688 1091 732 1144 De
751 1105 815 1144 mea
829 1106 899 1144 vero
917 1100 1036 1166 tempo-

274 1175 328 1233 rali
344 1176 404 1236 vita
417 1175 559 1236 nutabant
579 1177 692 1248 omnia,
710 1188 740 1234 et
752 1175 953 1234 mundandum
971 1189 1036 1236 erat

274 1283 326 1324 cor
344 1286 360 1324 a
372 1267 515 1326 fermento
522 1266 634 1339 veteri3
646 1278 675 1324 et
689 1264 822 1344 placebat
835 1265 882 1323 via
895 1265 958 1344 ipse
969 1267 1035 1325 Sal-

275 1345 373 1428 vator,
386 1367 416 1414 et
430 1355 473 1414 ire
492 1376 546 1435 per
559 1355 622 1433 ejus
634 1355 778 1434 angustias
794 1353 890 1412 adhuc
903 1353 1032 1433 pigebat.

274 1446 310 1501 Et
325 1443 469 1504 immisisti
486 1445 517 1504 in
537 1458 664 1505 mentem
685 1463 797 1517 meam,
813 1445 965 1521 visumque
988 1458 1033 1504 est

274 1533 384 1593 boum
395 1535 426 1593 in
439 1547 599 1614 conspectu
612 1554 677 1592 meo
689 1552 811 1612 pergere
825 1533 861 1590 ad
872 1532 1032 1609 Simplicia·

273 1642 344 1682 num
358 1623 410 1701 qui
422 1625 494 1683 mihi
510 1624 604 1684 bonus
619 1622 779 1702 apparebat
791 1641 891 1682 servus
906 1635 985 1694 mus,
999 1634 1030 1680 et

273 1713 391 1772 lucebat
400 1715 431 1773 in
445 1735 479 1773 eo
494 1714 587 1794 gratia
602 1728 661 1772 tua.
673 1713 829 1772 Audieram
844 1711 931 1768 etiam
949 1711 1030 1788 quod

275 1821 291 1859 a
308 1800 462 1879 juventute
483 1824 534 1863 sua
556 1802 741 1862 devotissime
756 1801 809 1859 tibi
823 1799 934 1859 viveret
948 1820 955 1855 :
967 1799 1030 1877 jam

273 1913 345 1952 vero
360 1907 428 1954 tunc
439 1908 575 1955 senuerat
582 1894 630 1966 {et
638 1895 724 1973 longa
738 1904 822 1950 aetate
834 1891 865 1948 in
878 1903 936 1948 tam
951 1889 1030 1950 bono

273 1984 370 2044 studio
383 1985 525 2044 sectanda
536 1986 589 2044 via
602 1997 668 2057 tuae,
678 1984 769 2041 multa
781 1992 927 2058 expertus,
938 1982 1031 2039 multa

274 2074 395 2134 edoctus
411 2075 482 2135 mihi
498 2074 666 2148 videbatur3
682 2085 710 2132 et
720 2091 790 2131 rere
805 2071 847 2128 sie
861 2083 929 2128 erat.
944 2069 1029 2129 Unde

274 2164 346 2222 mihi
363 2178 396 2222 ut
415 2166 560 2242 proferret
580 2164 732 2236 volebam,
746 2161 907 2220 conferenti
929 2181 1028 2220 secum
1059 2161 1062 2168 “

274 2265 358 2312 aestus
372 2273 462 2325 meos,
472 2254 536 2330 quis
554 2266 628 2312 esset
641 2266 726 2330 aptus
738 2250 841 2334 modus
856 2251 896 2309 sic
907 2251 1028 2328 allecto,

273 2354 305 2399 ut
319 2363 373 2421 ego
383 2362 475 2416 eram,
488 2342 525 2401 ad
535 2341 742 2403 ambulandum
755 2341 785 2399 in
800 2341 847 2399 via
861 2354 918 2400 tua.
964 2339 967 2346 ‘

312 2431 340 2489 2.
351 2431 492 2492 Videbam
506 2433 584 2491 enim
598 2434 713 2511 plenam
728 2432 899 2505 Ecclesiam
916 2433 1027 2492 elalius

272 2521 312 2581 sic
328 2521 404 2595 ibat,
418 2523 492 2582 alius
505 2537 602 2583 autern
621 2524 670 2583 sic.
686 2523 758 2582 Mihi
775 2536 871 2581 autem
887 2521 1025 2600 displice—

271 2609 323 2670 bat
336 2611 416 2690 quod
427 2611 547 2692 agebam
564 2615 595 2672 iu
605 2615 724 2686 sarculo,
739 2625 768 2671 et
783 2614 864 2670 oneri
878 2612 949 2670 mihi
964 2625 1028 2670 erat

271 2700 372 2776 valde,
388 2724 447 2762 non
457 2703 519 2782 jam
538 2702 784 2762 inflammantibus
798 2699 1027 2778 cupiditatibus,

272 2803 304 2848 ut
317 2791 463 2864 solebant,
484 2813 535 2871 spe
553 2793 672 2853 honoris
689 2805 718 2850 et
731 2794 876 2870 pecuniae,
892 2790 929 2848 ad
952 2791 1027 2850 tole-

272 2881 392 2940 randam
414 2883 494 2940 illam
524 2886 693 2942 servitutem
724 2895 780 2940 tam
806 2900 935 2958 gravem.
961 2885 1026 2940 Jam

273 2970 348 3028 enim
358 2990 404 3028 me
415 2972 464 3030 illa
473 2992 531 3031 non
543 2973 726 3033 delectabant
737 2991 797 3049 prae
808 2969 962 3030 dulcedine
977 2984 1025 3032 tua

716 3121 743 3142 J

310 3161 531 3222 ¹ICor.ru1‚12.
