2352 4094
255 437 305 490 tlt
439 439 464 485 S.
483 433 666 486 inausum!
682 433 827 486 Erlscort

254 551 390 616 tanquam
411 527 583 604 excedentia
604 534 683 594 vires
704 555 772 594 suas
794 533 873 594 dicta
894 555 1011 596 recusoe

253 641 334 699 rent3
349 638 379 684 et
392 627 434 684 illi
447 626 498 704 qui
511 625 570 684 hoc
580 624 642 703 jam
656 637 790 703 possunt,
803 625 835 684 in
848 626 1011 703 quamlibet

252 738 351 778 veram
378 716 551 792 sententiam
577 715 732 794 cogitando
756 717 919 789 venissent,
945 737 1010 776 eam

252 809 311 867 noh
324 809 546 886 pretermissum
564 807 595 865 in
612 807 715 885 paucis
727 805 826 866 verbis
846 806 889 866 tui
910 807 1012 866 famuli

252 899 431 978 reperirent3
454 911 484 957 et
507 898 532 956 si
554 897 627 956 alius
647 897 733 955 aliam
754 897 875 956 vidisset
893 899 925 956 in
944 899 1011 956 luce

251 990 394 1060 veritatis,
406 1006 460 1047 nec
473 988 539 1066 ipsu
549 989 581 1047 in
593 988 703 1047 eisdem
713 987 812 1048 verbis
823 989 1010 1068 intelligenda

251 1081 374 1140 deesset.

482 1201 618 1308 cnru'r
638 1199 775 1264 xxvn.

250 1376 400 1444 Smipturam
418 1371 489 1427 (leuet
506 1375 599 1428 humile
614 1376 771 1445 simplexque·
780 1376 909 1428 verboram
926 1393 1010 1444 genus.

291 1538 339 1598 37.
349 1539 431 1600 Sicut
441 1538 518 1598 enim
530 1538 595 1599 lons
605 1539 637 1598 in
646 1558 738 1618 parvo
749 1537 814 1598 loco
827 1536 947 1598 uberior
957 1541 1010 1610 est,

249 1627 443 1710 pluribusque
466 1626 544 1686 rivis
562 1627 593 1685 in
616 1626 874 1704 amplioraspatia
897 1629 1010 1688 fluxum

250 1719 409 1791 ministrat,
422 1739 510 1797 quam
528 1717 655 1796 quilibet
672 1737 774 1776 eorum
796 1717 941 1790 rivorum,
959 1721 1012 1798 qni

249 1831 304 1890 per
319 1813 411 1871 multa
424 1812 557 1869 locorum
573 1809 611 1869 ab
625 1807 731 1868 eodem
746 1809 825 1867 sonte
838 1808 1011 1886 deducitur5

244 1901 290 1960 ita
311 1901 446 1972 ¹narratio
472 1900 679 1978 dispensatoris
707 1899 750 1958 tui
776 1900 1012 1962 sermocinaturis

248 1991 386 2070 pluribus
409 1991 580 2069 profutura,
603 2009 696 2068 parvo
720 1988 862 2047 sermonis
890 1989 1012 2058 modulo

249 2095 341 2142 scatet
367 2083 477 2142 fluenta
507 2081 625 2160 liquidae'
655 2081 786 2141 veritatis
810 2101 818 2138 τ
845 2080 923 2139 unde
954 2080 1011 2139 sibi

249 2173 374 2252 quisque
391 2192 496 2246 ¹verum
511 2172 592 2250 quod
610 2171 647 2230 de
666 2171 712 2231 his
730 2169 818 2252 rebus
835 2182 947 2248 potest,
961 2171 1011 2231 bie

248 2261 336 2335 illud,
360 2263 411 2320 ille
440 2259 527 2332 illud,
556 2281 611 2338 per
643 2261 791 2339 longiores
826 2261 1011 2339 loquelarum

249 2351 397 2410 anfractus
420 2349 523 2406 trahat
550 2349 609 2408 Alii
635 2349 712 2407 enim
737 2371 805 2409 cum
833 2351 897 2410 haec
919 2351 1011 2411 verba

247 2443 349 2519 legrmt
365 2440 413 2498 vel
433 2437 573 2512 audiunt,
593 2439 721 2517 cogitant
736 2440 932 2520 Deumffquasi
952 2442 1010 2501 ho-

247 2530 371 2605 minem,
394 2543 446 2590 aut
476 2530 560 2609 quasi
588 2531 713 2610 aliquam
738 2532 846 2592 molem
871 2533 1011 2594 immensa

242 2623 402 2704 ‘praeditam
422 2635 586 2702 potestate,
604 2644 683 2686 novo
702 2625 832 2704 quodam
851 2638 880 2684 et
903 2645 1010 2703 repen-

249 2717 310 2774 tino
327 2715 447 2794 placito,
465 2727 550 2774 extra
569 2716 694 2794 seipsam
714 2728 853 2794 tanquam
870 2716 943 2776 locis
964 2716 1010 2774 di-

248 2803 393 2864 stantibus
406 2805 509 2864 fecisse
526 2805 632 2866 coslum
648 2819 678 2864 et
694 2819 815 2877 terram,
829 2804 889 2864 duo
908 2825 1010 2885 magna

247 2915 372 2973 corpora
385 2915 475 2974 supra
489 2896 624 2970 erinna,
637 2895 744 2974 quibus
763 2896 860 2955 omnia
879 2899 1011 2956 contine-

248 2997 358 3045 rentur.
376 2989 413 3043 Et
433 3004 500 3043 curn
519 2985 660 3060 audiunt,
680 2987 870 3061 Dixit-Deus,
888 2988 954 3046 Fiat
969 2989 1010 3047 il-

248 3075 314 3149 lud,
332 3071 363 3135 et'
379 3077 546 3137 factumest
562 3078 652 3152 illud;
666 3081 793 3158 cogitant
808 3078 901 3140 verba
914 3092 1011 3158 empta

248 3179 278 3230 et
291 3167 387 3238 linita,
401 3169 531 3228 sonantia
546 3170 729 3251 temporibus
747 3183 835 3252 atque
855 3185 1008 3232 transeun-
