2316 4020
239 491 272 537 98
423 487 448 534 S.
468 484 650 535 AUGUS'I'INI
668 485 811 537 EPISGOPI

236 600 311 660 tate,
337 599 366 646 et
389 605 447 644 non
470 585 575 662 perdes
600 584 730 661 aliquid;
756 599 785 643 et
808 587 994 646 reflorescent

234 678 333 756 putria
346 689 410 748 tua,
426 688 455 734 et
468 674 649 734 sanabuntur
660 695 759 734 omnes
773 677 927 756 languor-es
940 679 993 751 tui,

235 782 263 826 et
281 770 360 826 fluxa
379 778 429 824 tua
445 764 698 838 reformabuntur,
717 779 746 823 et
760 766 1005 839 renovabuntur„

234 872 263 916 et
285 855 517 932 constringentur
536 853 572 910 ad
593 865 647 910 te:
670 865 699 910 et
717 873 775 912 non
798 867 826 912 te
845 854 993 932 deponent

234 968 293 1027 quo
310 945 507 1015 descendunt;
533 943 584 1002 sed
602 942 720 1001 stabunt
739 956 851 1017 tecum,
875 931 991 1023 ether-

232 1037 391 1101 manebunt
405 1035 443 1094 ad
458 1054 573 1113 semper
585 1047 707 1093 stantem
722 1055 754 1094 ac
772 1049 990 1114 permanentem

232 1135 337 1188 Deum.
397 1150 398 1154 ¹
791 1177 794 1182 .
845 1179 847 1184 .
919 1179 921 1184 .
996 1177 1000 1188 ,
1029 1199 1032 1204 ¹

274 1221 317 1276 17.
334 1217 447 1295 thuid
464 1235 602 1295 perversa
611 1217 747 1294 seqderis
761 1236 876 1276 carnem
890 1221 990 1289 tuam?

226 1315 297 1389 lpsa
312 1322 340 1367 te
356 1319 496 1385 sequetur
508 1310 656 1366 conversa.
678 1307 828 1384 Quidquid
842 1309 988 1387 perillam

231 1401 328 1471 sentis,
349 1399 379 1456 in
391 1410 474 1476 parte
486 1410 546 1470 est3
567 1410 597 1455 et
611 1397 726 1476 ignoras
742 1405 834 1456 totum
845 1397 929 1475 cujus
942 1399 988 1456 hae

229 1505 328 1569 partes
346 1501 428 1561 sunt3
450 1501 479 1546 et
500 1489 645 1546 delectant
663 1500 690 1546 te
711 1500 813 1546 tamen.
831 1488 888 1547 Sed
906 1488 930 1547 si
950 1489 987 1554 ad

230 1594 323 1638 totum
337 1577 644 1656 comprehendendum
662 1590 737 1636 esset
752 1578 875 1638 idoneus
888 1598 987 1637 sensus

230 1671 324 1728 earnis
343 1681 416 1741 tuce,
442 1687 476 1726 ao
495 1686 554 1725 non
570 1679 604 1724 -et
624 1667 734 1744 ipsein
755 1679 838 1745 parte
858 1667 987 1726 universi

229 1760 387 1838 accepisset
400 1777 455 1836 pro
467 1777 554 1835 poena
566 1769 615 1815 tua
624 1756 736 1834 justum
747 1756 867 1814 modum
874 1799 882 1828 ,
897 1758 986 1816 velles

228 1864 261 1907 ut
280 1850 414 1907 transiret
434 1846 577 1924 quidquid
596 1846 692 1904 existit
715 1847 931 1924 inpraesentia,
953 1860 986 1905 ut

227 1941 318 2017 magis
338 1936 392 1995 tibi
410 1935 508 1994 omnia
525 1937 684 2014 placerent.
704 1940 778 1994 Nam
793 1949 822 1995 et
840 1936 921 2014 quod
940 1937 986 1995 lo-

228 2030 355 2107 quimur,
372 2047 426 2104 per
442 2025 577 2084 eumdem
591 2046 709 2084 sensum
726 2027 821 2086 camis
837 2027 937 2099 audis3
956 2041 985 2086 et

228 2140 287 2178 non
299 2119 345 2176 vis
360 2117 461 2192 utique
476 2128 552 2174 stare
566 2115 706 2192 syllabas,
726 2117 778 2176 sed
796 2119 985 2192 transvolare,

228 2223 261 2267 ut
273 2209 337 2272 aliae
350 2205 481 2278 veniant,
501 2217 531 2263 et
550 2217 643 2264 totum
664 2207 773 2266 audias.
796 2212 855 2281 Ita,
870 2229 985 2288 semper

228 2298 324 2356 omnia
343 2295 451 2377 quibus
474 2315 565 2353 unum
588 2295 699 2372 aliquid
721 2309 848 2370 constat,
874 2311 903 2356 et
926 2319 984 2359 non

228 2389 314 2447 simul
332 2399 398 2444 sunt
414 2385 512 2443 omnia
527 2405 561 2444 ea
572 2385 684 2462 quibus
702 2399 813 2446 constat
827 2409 835 2444 ε
849 2389 916 2466 plus
932 2389 984 2447 de-

225 2473 335 2536 lectant
351 2475 448 2534 omnia
464 2495 551 2554 quam
568 2476 696 2556 singula,
717 2476 747 2536 si·
759 2479 869 2559 possint
884 2480 984 2538 sentiri

227 2570 331 2627 emnia.
347 2567 403 2628 Sed
417 2560 503 2645 longe
516 2568 561 2626 his
573 2563 676 2626 melior
687 2569 738 2645 qui
752 2571 820 2628 fecit
830 2571 936 2642 omnia,
955 2583 984 2629 et

223 2659 289 2737 ,ipse
301 2671 344 2716 est
353 2663 432 2716 Deus
442 2669 556 2729 noster3
577 2671 606 2716 et
616 2677 677 2716 non
689 2657 829 2730 discedit,
848 2659 916 2737 quia
927 2680 981 2718 nec

129 2807 144 2824 ,
227 2750 394 2808 succeditur
403 2749 439 2807 ei.
457 2749 485 2808 Si
498 2749 614 2826 placent
626 2768 759 2826 corpora,
773 2754 868 2808 Deum
878 2769 914 2807 ex
925 2749 982 2810 illis

227 2838 328 2909 lauda,
342 2850 371 2896 et
382 2839 412 2897 iu
425 2837 563 2896 artificem
574 2856 676 2896 eorum
688 2850 825 2915 retorque
838 2857 979 2910 amorcm3

226 2945 263 2986 ne
275 2926 444 3014 innhislquae
458 2926 512 2984 tibi
525 2927 655 3004 placent,
668 2939 703 2986 tu
717 2926 879 3004 displiceas.
