2326 4020
324 359 577 445 adurassromm
594 395 689 444 nmen
706 397 753 444 111.
884 401 916 446 oo

154 515 217 556 mus
230 495 289 569 ibi,
304 496 375 574 quia
388 509 420 554 tu
433 495 489 554 ista
503 495 671 568 condidisti,
686 515 740 554 nec
753 495 785 554 in
798 499 918 558 summis

154 588 210 646 tuis
228 586 451 646 conditionibus
471 585 561 645 habes
574 587 597 642 *.
609 591 725 661 Quanto
746 607 816 666 ergo
833 589 918 666 longe

154 697 183 736 es
198 699 216 736 a
228 678 485 756 phantasmatibus
501 677 559 736 illis
571 679 653 749 meis,
669 678 917 756 phantasmatibus

155 787 314 846 corporum
327 789 392 846 quae
406 768 527 826 omnino
541 787 600 824 non
613 771 696 826 sunt!
711 767 817 846 quibus
830 772 918 829 certi·

158 878 225 916 ores
236 866 302 917 sunt
312 852 473 938 phantasiae
483 877 641 936 corporum
653 877 827 936 eorumquae
836 874 918 932 sunt3

162 959 191 1003 et
215 949 256 1006 eis
277 949 404 1006 certiora
426 967 564 1026 corpora,
578 965 649 1024 queo
670 961 767 1007 umen
786 969 844 1008 non
865 951 915 1010 es:

162 1037 212 1094 sed
222 1057 276 1095 nec
288 1038 385 1096 anima
399 1057 445 1110 es,
459 1056 524 1114 quae
538 1037 598 1096 vita
607 1049 651 1094 est
665 1057 832 1115 corporum.
846 1039 917 1098 Ideo

160 1127 264 1184 melior
288 1127 349 1185 vita
372 1145 530 1204 corporum
557 1127 721 1204 certiorque
742 1147 829 1205 quam
848 1139 917 1188 'cor—

159 1235 242 1292 pora.
257 1217 315 1276 Sed
332 1229 364 1274 tu
381 1219 443 1275 vita
465 1236 495 1275 es
512 1215 686 1290 animarum,
698 1217 759 1275 vita
777 1218 916 1295 tp'tarum,

159 1308 263 1365 vivam
284 1320 320 1364 te*
340 1307 419 1385 ipsa,
436 1320 465 1366 et
487 1327 546 1364 non
568 1306 703 1379 mutaris,
728 1308 790 1398 rip
816 1309 918 1366 aaimae

160 1417 241 1456 meae.

204 1488 251 1546 ll.
260 1487 321 1547 Ubi
332 1509 402 1568 ergo
415 1489 488 1548 mihi
502 1501 570 1548 tune
582 1509 662 1562 eras,
676 1501 705 1547 et
716 1508 804 1566 quam
818 1491 920 1567 louge?

160 1583 197 1636 Et
212 1578 300 1656 longe
317 1576 526 1656 peregrinabar
537 1577 588 1636 abs
600 1590 641 1651 te,
654 1579 787 1638 exclusus
803 1591 832 1636 et
850 1598 867 1636 a
884 1581 920 1638 si·

162 1669 250 1746 liquis
263 1687 437 1746 porcorum,
454 1688 528 1746 quos
545 1667 582 1728 de
601 1669 713 1745 siliquis
731 1670 887 1746 pascebam
897 1681 918 1726 ¹.

128 1813 136 1824 ,
162 1763 279 1834 Quanto
294 1759 372 1817 enim
386 1758 519 1818 meliores
535 1759 790 1839 grammaticorum
805 1771 834 1816 et
846 1779 920 1835 poe·

163 1865 260 1920 tarum
273 1849 401 1924 fabellae,
413 1871 499 1929 quam
510 1851 561 1909 illa
573 1849 727 1927 decipula?
737 1854 810 1908 Nam
821 1869 922 1908 versus

162 1954 191 1998 ct
215 1960 334 1999 carmen
364 1952 392 1997 et
413 1941 516 1999 Medea
545 1941 647 1998 volans
673 1938 805 1998 utiliores
827 1951 922 2011 certe,

164 2049 252 2106 quam
273 2030 409 2107 quinque,
423 2030 565 2089 elementa
578 2028 659 2088 varie
672 2030 782 2102 fucata,
799 2042 922 2107 propter

163 2120 296 2198 quinque
309 2131 397 2190 *antra
414 2118 614 2192 tenebrarum,
626 2138 691 2197 quae
707 2118 826 2177 omnino
844 2119 923 2197 ¹nulla

163 2222 248 2280 sunt,
263 2222 293 2268 et
306 2208 446 2268 occidunt
469 2210 642 2274 credentem.
663 2217 735 2270 Nam
756 2229 871 2268 versum
893 2222 922 2267 et

164 2318 284 2360 carmen
305 2299 392 2357 etiam
413 2299 451 2357 ad
474 2315 553 2358 vera
566 2300 715 2378 pulmenta
733 2299 746 2326 *
769 2301 921 2360 transfero.
940 2332 944 2338 ·

164 2390 318 2461 Volantem
336 2401 432 2448 autem
451 2389 654 2449 Medeametsi
674 2389 842 2466 cantabam,
863 2410 922 2449 uon

165 2481 345 2552 asserebam
363 2480 417 2539 etsi
433 2481 543 2540 cantari
558 2480 727 2553 audiebam,
743 2501 802 2538 non
819 2481 923 2539 crede-

166 2569 235 2629 bam
252 2593 259 2628 :
274 2572 325 2630 illa
338 2584 436 2631 autem
451 2570 572 2629 credidi.
586 2576 649 2643 Vae,
661 2574 721 2629 vae!
737 2562 844 2646 quibus
857 2589 923 2647 gra·
1017 2587 1020 2592 '

167 2660 255 2721 dibus
267 2662 410 2722 deductus
422 2681 485 2720 sum
496 2663 527 2720 in
537 2661 684 2740 profunda
695 2660 798 2717 inferii
808 2660 923 2738 Quippe

166 2749 302 2811 laborans
320 2765 349 2811 et
365 2765 489 2811 aestuans
502 2753 600 2829 inopia
617 2751 695 2822 veri,
709 2768 775 2806 cum
790 2761 830 2820 te,
845 2753 923 2810 Deus

167 2861 249 2902 meus
260 2841 416 2922 (tibienim
433 2843 590 2915 confiteor,
600 2841 651 2918 qui
667 2839 876 2900 memiseratus
892 2861 922 2899 es

167 2934 338 2993 etnondum
353 2933 560 3011 confitentem),
570 2954 637 2994 cum
652 2945 680 2991 te
690 2933 922 2992 nonsecundum

207 3127 286 3174 ¹Luc.
301 3139 342 3182 xv,
358 3128 397 3172 lo.
