2394 4010
350 514 601 564 CONFESSIONUM
618 514 713 562 LIBER
731 516 764 561 X.
885 521 936 566 289

176 625 314 692 congesta
329 625 406 688 sunt,
420 613 560 672 recordor
573 627 662 692 prout
675 612 749 671 libet
769 635 776 669 ε
792 628 821 671 et
834 635 936 674 auram

178 707 305 770 liliorum
313 704 446 764 discerno
460 725 476 762 a
488 706 586 776 violis,
598 705 670 763 nihil
678 705 830 777 olfaciens3
841 719 869 764 et
881 709 937 766 mel

177 795 305 867 defruto,
314 797 378 854 lene
391 815 509 874 aspero,
523 796 596 853 nihil
608 809 677 868 tunc
688 795 829 873 gustando
842 817 937 874 neque

178 886 402 958 contrectando,
418 886 469 945 sed
488 886 701 945 reminiscendo
715 899 868 965 antepono.
926 915 928 925 ·

223 973 266 1033 14.
284 981 365 1037 Intus
380 977 442 1034 haec
456 997 525 1054 ago,
539 979 568 1035 in
584 978 650 1036 aula
667 977 776 1056 ingenti
790 979 937 1038 memoriae

180 1086 269 1132 meaa
283 1066 328 1124 Ibi
350 1068 425 1125 enim
445 1067 516 1125 mihi
535 1069 639 1126 coelum
661 1080 690 1125 et
712 1080 788 1125 terra
810 1080 838 1125 et
858 1089 937 1128 mare

180 1171 285 1235 praesto
302 1169 384 1230 sunt,
400 1179 466 1216 cum
486 1159 620 1217 omnibus
642 1179 706 1236 quae
724 1159 754 1216 in
773 1160 814 1217 eis
831 1160 938 1217 sentire
1005 1179 1007 1185 ·

180 1249 278 1325 potui,
292 1259 397 1324 praeter
414 1249 462 1306 illa
477 1268 541 1325 quae
557 1248 664 1307 oblitus
679 1269 752 1307 sum.
771 1249 816 1307 Ibi
832 1262 861 1306 et
875 1251 937 1327 ipse

181 1338 254 1396 mihi
267 1332 403 1410 occurro,
415 1357 520 1414 meque
533 1341 646 1411 recolo,
661 1338 747 1416 quid,
762 1339 893 1416 quando,
908 1353 938 1398 et

180 1427 232 1484 nbi
244 1427 364 1504 egerim,
374 1448 491 1506 quoque
505 1429 593 1486 modo
607 1451 673 1488 cum
688 1450 801 1508 agerem
815 1430 937 1488 affectus

182 1519 295 1576 fuerim,
314 1517 360 1574 lbi
374 1531 441 1592 sunt
455 1519 551 1576 omnia
566 1540 630 1596 quae
645 1521 705 1577 sive
720 1532 841 1598 experta
860 1540 878 1576 a
890 1541 937 1578 me

181 1611 242 1666 sive
257 1609 367 1684 credita
381 1611 508 1668 memini.
523 1614 568 1666 Ex
582 1610 683 1667 eadem
698 1611 783 1687 copia
797 1613 883 1668 etiam
898 1613 938 1669 si—

182 1698 356 1756 militudines
378 1719 477 1757 rerum
497 1699 544 1755 vel
563 1707 770 1776 expertarum
781 1700 828 1756 vel
848 1718 884 1756 ex
898 1701 938 1757 eis

181 1809 253 1866 quas
275 1801 415 1866 expertus
442 1805 506 1845 sum
533 1788 728 1860 creditarum,
755 1789 824 1872 alias
851 1801 938 1865 atque

180 1877 250 1936 alias
265 1890 293 1935 et
313 1878 375 1954 ipse
396 1877 713 1952 contexopraeteritis3
731 1889 818 1954 atque
839 1899 875 1934 ex
894 1879 938 1936 his

179 1969 267 2026 etiam
280 1967 391 2025 futuras
403 1968 530 2024 actiones
542 1979 571 2024 et
583 1980 688 2024 eventa
702 1980 731 2024 et
742 1987 822 2044 spes,
837 1981 865 2025 et
876 1968 938 2026 haec

180 2059 279 2142 oninia
291 2079 391 2132 narsus
404 2059 486 2136 quasi
501 2058 654 2134 praesentia
674 2057 808 2116 meditor.
823 2059 937 2116 Faciam

181 2149 238 2206 hoc
249 2161 298 2206 aut
310 2148 399 2220 illud,
411 2148 477 2206 dico
490 2148 568 2225 apud
580 2168 626 2205 me
637 2149 667 2204 in
679 2148 744 2224 ipso
754 2148 862 2225 ingenti
874 2150 938 2207 sinu

181 2238 270 2296 animi
283 2238 340 2295 mei
354 2238 441 2315 pleno
455 2250 497 2295 tot
511 2251 546 2296 et‘
554 2250 698 2296 tantarum
720 2259 818 2297 rerum
836 2240 939 2316 imagi—

181 2327 283 2399 nihus3
296 2340 325 2385 et
338 2328 396 2384 hoc
408 2335 459 2386 aut
470 2328 543 2390 illud
558 2341 704 2406 sequetur.
721 2333 745 2386 0
758 2330 782 2388 si
794 2342 868 2387 esset
882 2329 938 2386 hoc

182 2430 230 2474 ant
252 2417 340 2474 illud!
364 2421 485 2477 Avertat
505 2423 585 2492 Deus
608 2419 664 2476 hoc
687 2432 737 2478 aut
759 2419 841 2477 illud.
864 2421 938 2478 Dico

182 2507 322 2585 apud-me
335 2507 411 2564 ista:
430 2520 538 2566 etcum
555 2509 635 2580 dico,
652 2522 758 2586 praesto
778 2522 845 2566 sunt
865 2510 939 2566 ima-

181 2599 262 2676 gines
284 2599 414 2655 omnium
438 2617 502 2674 quae
528 2598 593 2654 dico
619 2593 938 2656 ex‘eodem‘thes'auro

183 2689 341 2759 memoriae,
356 2707 409 2744 nec
429 2687 546 2743 omnino
561 2686 671 2762 aliquid
688 2705 791 2743 eorum
811 2686 938 2743 dicerem

183 2776 209 2831 si
227 2776 392 2834 defuissent.
819 2831 821 2840 ,

221 2865 265 2920 15.
275 2870 378 2941 Magna
388 2865 442 2922 ista
452 2864 497 2922 vis
510 2877 552 2922 est
564 2865 720 2935 memoriae,
733 2884 836 2942 magna
845 2867 940 2940 nimis,

185 2955 264 3008 Deus
284 2973 379 3023 mens,
401 2954 550 3032 penetrale
574 2955 701 3031 amplum
729 2969 757 3013 et
786 2957 937 3016 infinitum.

184 3041 258 3116 Quis
275 3042 311 3098 ad
326 3042 446 3100 fundum
466 3042 527 3120 ejus
544 3045 696 3121 pervenit?
708 3049 743 3104 Et
756 3047 800 3104 vis
818 3059 860 3104 est
877 3049 938 3104 haec

184 3132 272 3190 animi
287 3131 358 3202 mei,
374 3133 513 3208 atquead
532 3155 625 3192 meam
647 3149 778 3196 naturam
800 3139 938 3216 pertinet;

184 3241 238 3280 nec
255 3241 309 3300 ego
322 3221 485 3299 ipsocapio
504 3233 595 3283 totum
611 3226 774 3302 quodsum.
789 3231 865 3303 Ergo
880 3227 939 3282 ani·
986 3249 987 3254 ¹

801 3333 832 3376 25
