2394 4010
362 489 613 540 CONIOESSIONUM
630 491 724 540 mna
741 494 776 540 X.
893 494 942 544 293

189 591 246 662 ria,
261 590 313 648 ubi
327 589 427 668 sparsa
439 591 521 668 prius
533 601 562 647 et
573 589 704 665 neglecta
715 588 879 665 latitabant,
883 591 945 668 jam

189 681 327 740 familiari
348 681 501 741 intentioni
516 680 600 738 facile
621 692 783 738 occurrant.
805 683 842 737 Et
857 701 944 757 quam

189 773 282 830 multa
295 769 463 849 hujusmodi
474 781 567 847 gestat
579 770 721 827 memon'a
736 790 800 829 mea
810 791 874 848 quae
883 772 945 849 jam

190 863 309 920 inventa
325 873 411 932 suut,
429 872 459 918 et
478 859 553 916 sicut
571 857 647 931 dixi,
664 861 746 935 quasi
771 859 809 918 ad
827 879 945 922 manum

191 953 300 1030 posita,
314 971 380 1029 quae
393 938 528 1009 didicisse
538 962 569 1007 et
581 968 666 1008 nosse
680 949 819 1008 dicimur!
835 955 905 1026 Quae
922 956 945 1013 si

163 1043 165 1048 ’
190 1041 329 1100 modestis
354 1052 518 1117 temporum
537 1039 696 1097 intervallis
718 1040 846 1097 recolere
868 1041 945 1100 desi-

190 1149 276 1202 vero,
293 1131 334 1188 ita
347 1149 448 1187 rursus
466 1127 689 1204 demerguntur,
704 1139 732 1185 et
750 1129 833 1205 quasi
853 1130 883 1187 in
902 1150 945 1188 re·

191 1221 316 1278 motione
329 1217 490 1297 penetralia
508 1214 691 1288 dilabuntur,
706 1229 740 1274 ut
753 1215 849 1276 denuo
865 1219 946 1276 velut

191 1328 269 1368 nova
280 1305 471 1384 excogitanda
486 1305 544 1363 sint
556 1304 685 1364 indidem
697 1305 804 1364 iterum
813 1307 827 1332 *
839 1305 945 1385 (neque

192 1399 269 1456 enim
281 1408 325 1456 est
334 1397 392 1454 alia
401 1394 483 1472 regio
493 1393 617 1473 eorum),
628 1407 657 1452 et
665 1395 795 1471 cogenda
804 1416 903 1456 rursus
913 1410 946 1456 ut
1023 1461 1029 1472 Ι

192 1488 260 1545 sciri
273 1483 400 1566 possint,
421 1483 452 1540 id
470 1495 515 1542 est
536 1484 618 1541 velut
631 1503 668 1541 ex
689 1485 813 1561 quadam
829 1485 945 1564 disper-

191 1577 272 1642 sione
298 1571 474 1650 colligenda,
501 1571 580 1629 unde
609 1570 717 1629 dictum
742 1585 786 1631 est
809 1576 944 1652 cogitare.

192 1668 267 1721 Nam
278 1681 350 1739 cogo
363 1674 392 1719 et
402 1654 510 1738 cogito,
525 1661 566 1720 sic
576 1672 622 1718 est
635 1671 667 1718 ut
680 1677 734 1738 ago
749 1674 778 1720 et
793 1665 884 1740 agito,
899 1666 944 1722 fa-

194 1753 241 1809 cio
263 1763 292 1809 et
311 1749 419 1810 factito.
438 1753 645 1812 Verumtamen
673 1750 729 1808 sibi
750 1751 863 1810 animus
889 1752 945 1812 hoc

194 1841 317 1900 verbum
333 1840 453 1917 proprie
466 1839 642 1911 vindicavit,
657 1852 759 1898 utnon
773 1842 852 1919 quod
863 1843 945 1915 alibi,

193 1931 246 1990 sed
259 1929 339 2008 quod
351 1931 382 1988 in
404 1929 499 1988 animo
523 1930 693 2006 colligitur,
704 1931 735 1990 id
753 1945 796 1992 est
815 1936 945 2013 cogitur,

193 2020 313 2097 cogitari
324 2017 444 2098 proptie
452 2016 514 2094 jam
526 2017 647 2076 dicatur.

454 2209 589 2285 CAPUT
609 2209 682 2273 XII.

327 2385 419 2446 Reium
438 2393 666 2447 Mathematicar'nm
687 2393 810 2447 memoria

212 2623 214 2627 ,
234 2564 279 2621 19.
297 2567 372 2622 Item
392 2563 521 2622 continet
540 2565 679 2622 memotia
698 2583 884 2622 numerorum
899 2566 945 2623 'di-

192 2653 430 2730 mensionumque
440 2654 565 2710 rationes
579 2665 606 2711 et
616 2655 693 2728 leges
709 2653 947 2726 innumerabiles,

189 2761 316 2818 quarum
326 2743 436 2800 nullam
452 2743 582 2819 corporis
595 2760 693 2798 seusus
706 2741 850 2818 impressit
855 2763 863 2811 ;
878 2743 945 2818 quia

191 2845 244 2886 nec
260 2831 329 2907 ipsae
342 2830 476 2889 coloratae
491 2841 571 2902 sunt,
587 2841 638 2910 aut
652 2842 767 2904 sonant,
785 2842 836 2888 aut
851 2831 945 2904 olent,

190 2931 241 2976 aut
251 2917 385 2996 gustatae,
398 2935 448 2980 aut
459 2932 644 2980 contrectatae
656 2933 732 2980 sunt.
742 2920 849 2978 Audivi
860 2942 944 2981 sonos

191 3008 349 3069 verborum
366 3011 473 3088 quibus
485 3012 680 3088 significantur
692 3031 758 3068 cum
772 3011 808 3070 de
821 3011 867 3069 his
881 3012 943 3071 dis-

190 3102 311 3174 seritur;
326 3101 377 3160 sed
391 3103 504 3174 illialii,
514 3103 575 3160 istae
586 3115 683 3161 autem
698 3104 760 3160 aliae
773 3115 840 3161 sunt
855 3126 862 3160 ε
878 3123 943 3160 nam

189 3191 233 3247 illi
247 3192 330 3248 aliter
343 3211 452 3268 graece,
468 3193 550 3252 aliter
563 3193 652 3252 latine
667 3205 768 3252 sonant
773 3213 782 3265 3
798 3192 860 3250 istae
873 3211 943 3250 vero
