2316 4020
863 419 875 446 ἢ

323 525 573 580 coutusstottutt
590 531 684 579 LIBER
702 533 746 578 tv.
866 533 912 580 103

150 641 270 690 amatur
294 626 332 686 ab
355 648 391 686 eo
409 628 462 704 qui
486 631 575 688 nollet
602 630 748 701 honeste,
779 628 866 686 etiam
889 630 912 686 si

151 734 273 799 posset3
307 720 363 778 hoc
388 731 417 778 et
442 718 478 776 de
505 720 645 778 histrione
670 719 826 778 dicendum
856 731 912 791 est,

151 814 205 889 qui
224 825 338 870 natnrae
358 822 464 868 noctrae
485 809 582 870 socius
602 821 652 867 est.
667 813 780 888 Ergone
800 829 866 868 amo
882 812 913 868 in

153 901 274 958 homine
285 899 366 978 quod
379 899 514 971 odiessc,
532 920 598 959 cum
610 901 663 958 sim
676 900 781 958 homo?
795 897 913 958 Grande

153 990 336 1069 profundum
349 1003 391 1048 est
403 990 465 1067 ipse
479 989 578 1062 homo,
596 989 678 1066 cujus
692 993 779 1048 etiam
792 991 911 1067 capillos

155 1092 196 1150 tu,
210 1080 352 1152 Domine,
367 1091 534 1138 numeratos
546 1078 650 1149 habes,
667 1092 697 1137 et
709 1099 767 1138 non
779 1080 911 1137 minuun-

155 1183 202 1228 tur
222 1171 254 1228 in
273 1183 323 1228 te:
340 1181 370 1226 ct
388 1181 484 1229 tamen
504 1170 644 1248 capilli
618 1190 688 1274 ejus·
699 1171 789 1250 magis
805 1190 909 1228 nume-

152 1260 263 1318 rabiles
288 1271 373 1330 sunt,
398 1273 486 1335 quam
512 1259 635 1319 affectus
661 1259 740 1339 ejus,
763 1272 791 1319 et
815 1275 915 1320 motus·

152 1349 300 1410 cordis
274 1371 346 1428 ejus.
405 1361 407 1367 '

193 1439 243 1497 23.
259 1443 299 1498 At
314 1441 364 1497 ille
382 1439 484 1497 rhetor
499 1459 537 1498 ex
552 1459 588 1498 eo
609 1452 671 1498 erat
686 1459 805 1518 genere,
822 1460 909 1516 quem

150 1531 195 1588 sic
211 1528 405 1602 amabam‚ut
422 1531 525 1588 vellem
540 1550 586 1590 me
602 1551 663 1590 csse
675 1532 778 1602 talem3
789 1544 910 1590 eterra·
987 1583 989 1590 .

152 1619 223 1678 bam
243 1619 350 1697 typho,
371 1631 403 1676 et
423 1619 650 1678 circumferebar
668 1621 747 1678 omni
765 1633 911 1693 vento‚ct

152 1709 239 1768 nimis
252 1709 367 1766 occulte
381 1706 567 1784 gubernabar
580 1707 632 1766 abs
644 1721 681 1766 te.
695 1713 732 1765 Et
744 1708 823 1766 undc
836 1711 909 1783 scio,

152 1812 183 1857 et
204 1797 284 1856 unde
307 1810 404 1856 certus
426 1797 566 1867 confiteor
589 1797 643 1856 tibi
665 1797 744 1873 quod
772 1797 854 1856 illum
880 1801 910 1856 in

151 1907 254 1946 amore
274 1885 454 1946 laudantium
475 1887 566 1964 magis
586 1905 763 1959 amaveram,
779 1907 866 1964 quam
879 1889 910 1945 in

152 1978 242 2037 rebus
257 1977 328 2055 ipsis
343 1977 380 2038 de
395 1976 502 2055 quibus
518 1978 702 2047 laudabatur.
718 1978 794 2052 Quia
809 1978 834 2036 si
852 1999 911 2036 non

152 2070 304 2128 laudatum
316 2069 517 2146 vituperarent
530 2089 597 2130 eum
609 2069 700 2128 iidem
713 2069 782 2147 ipsi,
792 2081 822 2127 et
832 2069 910 2128 vitu·

151 2158 285 2237 perando
306 2161 581 2238 atqucvsperncndo
600 2181 635 2220 ea
658 2161 723 2238 ipsa
745 2175 909 2232 narrarent,

150 2268 212 2308 non
232 2247 408 2307 accenderer
428 2250 459 2308 in
481 2270 548 2309 eum
571 2264 600 2310 et
623 2271 681 2309 non
706 2251 910 2309 excitarenE't

150 2351 232 2397 certe
244 2357 291 2396 res
304 2358 363 2396 non
376 2338 563 2412 alieniorem,
576 2361 630 2399 nec
644 2341 733 2400 homo
746 2341 809 2418 ipse
821 2340 908 2412 alins3

150 2427 204 2486 sed
233 2427 433 2486 tantummodo
463 2426 541 2488 alius
570 2430 692 2488 affectus
719 2430 908 2488 narrantium.

151 2521 228 2575 Ecce
242 2517 294 2575 ubi
306 2516 386 2594 jacet
399 2517 499 2576 anima
509 2518 638 2590 infirma,
652 2519 783 2577 nondum
797 2518 909 2576 haerens

149 2602 291 2666 soliditati
306 2608 447 2666 veritatis.
463 2608 543 2666 Sicut
557 2628 635 2666 aurae
646 2608 810 2685 linguarum
825 2607 910 2665 flave-

150 2699 236 2757 rinta
247 2697 415 2776 pectoribus
427 2699 621 2787 opinantium3
631 2698 671 2754 ita
683 2699 777 2755 fertur
786 2710 815 2753 et
823 2699 910 2756 ventu

151 2803 210 2863 tur,
223 2801 376 2866 torquetur
388 2809 421 2847 ac
421 2801 633 2866 retorquetur,
644 2799 673 2844 et
678 2785 908 2844 obnubilatur
883 2805 910 2845 er

149 2880 266 2952 lumen,
277 2892 306 2937 et
319 2899 378 2937 non
392 2879 521 2946 cernitur
531 2877 648 2936 v'eritas.
659 2880 697 2934 Et
710 2866 776 2936 cc’ce
787 2888 830 2935 est
844 2889 910 2934 ante

150 2989 213 3029 nos.
230 2975 267 3030 Et
281 2989 419 3047 magnum
436 2969 575 3046 quiddam
592 2967 663 3027 mihi
677 2981 756 3042 erat,
770 2968 793 3026 si
815 2987 912 3028 sermo

149 3080 231 3120 meus
248 3072 277 3119 et
286 3059 383 3118 studia
397 3079 463 3118 mea
473 3059 515 3118 illi
527 3059 591 3118 viro
604 3058 830 3118 innotescerent*
840 3060 911 3130 Quae

149 3150 175 3208 si
187 3148 346 3228 probaret,
359 3148 512 3226 flagrarem
525 3148 615 3226 magis
623 3170 632 3221 ;
646 3148 669 3206 si
687 3161 784 3206 autem
799 3147 910 3223 impro-

149 3240 247 3316 baret,
261 3241 442 3301 sauciaretur
453 3259 504 3300 cor
516 3259 623 3300 vanum
640 3251 670 3298 et
683 3239 767 3298 inane
781 3235 910 3296 solidita-
