2356 4018
11 3097 17 3158 l

321 405 570 501 confessionum
588 434 682 484 aman
699 435 745 484 rx.
856 440 906 488 255

151 548 213 594 tuo.
226 535 272 593 Ibi
284 548 375 594 mater
388 529 465 608 mea,
478 535 582 595 ancilla
595 549 659 610 tua,
671 535 870 598 sollicitudinis
880 527 909 598 et

152 627 318 703 vigiliarum
336 627 445 704 primas
461 639 572 701 tenens,
584 627 765 686 orationibus
780 629 913 688 vivebat.-

152 722 210 775 Nos
222 718 320 776 adhuc
337 719 437 796 frigidi
449 739 466 776 a
480 720 576 777 calore
588 719 711 796 Spiritus
725 719 783 791 tui,
796 717 909 778 excita?

151 806 258 866 bamur
278 820 374 866 tamen
394 808 509 866 civitate
530 809 650 866 attonita
672 821 758 886 atque
782 808 907 868 turbata.
980 831 982 834 ’

151 901 232 956 Tunc
246 899 347 975 hymni
361 911 389 956 et
402 894 506 976 psalmi
520 912 552 957 ut
564 911 736 964 canerentur
747 890 908 958 secundum

152 1007 263 1047 morem
276 977 463 1047 orientalium
476 987 618 1066 partium,
633 1010 670 1047 ne
688 990 814 1068 populus
833 1010 907 1048 moe·

151 1079 226 1136 roris
240 1078 327 1136 taedio
343 1076 572 1151 contabesceret,
586 1077 750 1136 institutum
762 1089 817 1150 est3
830 1092 859 1136 et
870 1099 915 1137 ex*

150 1168 245 1226 illoin
257 1168 433 1226 hodiernum
446 1177 590 1226 retentum
597 1211 609 1241 ,1
616 1168 712 1228 multis
719 1168 780 1246 jam
790 1189 824 1228 ac
832 1189 908 1247 pene

151 1259 286 1318 omnibus
299 1258 435 1336 gregibus.
447 1259 503 1317 tuis
511 1253 559 1330 ,et
569 1279 623 1337 per
634 1271 737 1317 caetera
749 1258 827 1318 orbis
841 1261 908 1318 imi·
968 1262 970 1266 ’

151 1343 308 1408 tantibus*.
805 1361 807 1364 '

192 1439 238 1497 16.
254 1445 335 1498 Tunc
354 1453 514 1511 memorato
535 1439 656 1514 antistiti
676 1453 726 1498 tuo
744 1441 906 1518 pervisum

151 1530 306 1607 aperuisti,
318 1549 377 1606 quo
390 1531 456 1587 loco
469 1531 593 1587 laterent
606 1541 767 1606 martyrum
783 1530 906 1608 corpora
941 1597 945 1602 ¹

151 1620 273 1677 Protasii
293 1632 322 1676 et
336 1619 484 1688 Gervasii,
498 1639 564 1695 qnae
578 1638 630 1697 per
645 1631 687 1675 tot
705 1638 795 1694 annos
808 1620 907 1690 incor—¹
960 1657 962 1662 ·

151 1719 238 1784 rupta
262 1707 294 1764 in
318 1706 454 1764 thesauro
482 1707 587 1763 secreti
614 1705 664 1762 tui'
683 1707 905 1779 recondideras,

149 1797 229 1858 ¹unde
247 1811 412 1877 opportune
425 1815 574 1876 promeres
595 1796 632 1854 ad
652 1798 841 1856 coercendam
859 1819 914 1875 ra·-

150 1886 229 1946 biem
243 1889 413 1958 femineam,
428 1888 478 1946 sed
491 1877 609 1964 regiam,
623 1891 696 1946 Cum
708 1887 785 1945 enim
798 1908 905 1967 propa-

150 1979 207 2037 lata
227 1992 256 2038 et
275 1979 379 2036 effossa
401 1979 490 2054 digno
505 1997 571 2035 cum
584 1977 695 2034 honore
710 1977 904 2036 transferren-

151 2080 198 2125 tur
224 2068 261 2150 ad
288 2066 511 2125 Ambrosianam
538 2051 704 2138 basilicam,
726 2085 785 2125 non
811 2068 904 2124 solum

150 2177 223 2234 quos
234 2153 381 2221 immundi
394 2155 541 2216 vexabant
554 2155 688 2234 spiritus,
704 2157 841 2214 confessis
850 2155 905 2215 eis·

151 2246 216 2304 dem
228 2244 408 2304 daemonibus
422 2243 608 2315 sanabantur,
620 2265 724 2303 verum
739 2247 825 2306 etiam
838 2248 905 2324 qui—

151 2336 217 2394 dam
237 2338 337 2416 plures
359 2355 450 2394 annos
469 2340 567 2394 caecus
578 2336 653 2394 civis
668 2335 838 2414 civitatique
852 2358 905 2395 no-
986 2407 987 2413 ἵ

151 2419 292 2496 tissimus,
315 2431 381 2494 cum
406 2425 512 2503 Populi
537 2425 740 2484 tumultuantis
765 2427 904 2491 laetitiae*

151 2537 267 2576 causam
281 2517 431 2594 quaesisset
445 2527 533 2592 atque
546 2516 688 2585 audisset,
704 2515 846 2587 exsilivit,
859 2537 905 2576 eo-

149 2629 207 2686 que
224 2598 255 2667 se
274 2620 307 2666 ut
324 2607 457 2677 duceret,
469 2625 558 2664 suum
569 2605 682 2664 vducem
701 2606 825 2680 rogavit.
839 2610 904 2680 Quo

149 2699 323 2776 perductus,
338 2697 506 2776 impetravit
519 2695 648 2766 admitti,
662 2694 825 2753 utsud‘ario
841 2707 905 2753 tan—

150 2784 231 2864 geret
246 2789 384 2846 feretrum
396 2786 531 2866 pretiosae
542 2786 575 2842 ‘in
590 2798 747 2863 conspectu
762 2797 813 2842 tuo
827 2804 906 2843 mor-

151 2869 186 2934 tis
206 2885 531 2948 sanctorumtuorum¹⁸
545 2874 631 2950 Quod
645 2875 696 2934 ubi
714 2875 797 2946 fecit,
818 2889 905 2953 atque

151 2967 280 3025 admovit
304 2969 419 3040 oculis,
437 2966 588 3028 confestim
615 2967 708 3045 aperti
736 2980 812 3040 sunt.
833 2968 905 3026 Indo

108 3171 112 3179 ·
186 3156 271 3214 ¹Psal.
283 3175 336 3220 cxv,
352 3162 392 3217 ts.
416 3177 418 3182 ·
