2336 3984
283 463 533 516 CONFESSIONUM
549 465 644 514 LIBER
662 465 731 513 XIII.
783 461 786 466 '
832 467 882 516 447

122 565 199 642 gotio
214 583 357 642 aquarum
372 576 494 622 vocatur
508 584 597 623 mare.
611 569 654 622 Tu
672 559 749 622 enim
765 584 884 626 coerces

123 656 210 712 etiam
224 657 313 714 malas
330 654 503 733 cupiditates
522 655 696 727 animarum,
710 665 739 711 et
760 655 823 732 figis
844 657 882 715 li-

120 746 206 803 mites
222 765 375 824 quousque
400 744 539 824 progredi
560 745 701 816 sinantur,
725 746 833 823 atque*
851 760 884 805 ut

121 837 153 893 in
171 855 200 894 se
219 837 455 910 comminuantur
469 834 574 893 fluctus
590 845 722 908 earum¹;
738 848 824 913 atque
844 839 884 896 ito

122 925 194 983 facis
209 945 289 983 mare
310 925 412 983 ordine
427 919 543 1002 imperii
559 926 601 982 tui
614 945 703 1003 super
716 927 822 984 omnia.

164 1014 211 1072 21.
233 1021 272 1074 At
292 1013 402 1075 animas
426 1017 555 1076 sitientes
579 1016 643 1090 tibi,
667 1017 885 1096 et'apparentes

124 1105 179 1164 tibi
201 1107 259 1164 alio
276 1108 333 1164 fine
353 1106 504 1165 distinctas
522 1127 538 1164 a
557 1107 695 1166 societate
713 1110 810 1180 maris,
833 1130 884 1168 oc-

128 1198 207 1256 culto
221 1210 250 1256 et
264 1199 344 1257 dulci
357 1199 436 1256 sonte
450 1197 563 1276 irrigas,
577 1210 611 1256 ut
626 1211 655 1256 et
674 1212 750 1256 terra
765 1199 814 1258 det
824 1199 885 1258 'sru-

125 1299 205 1344 ctum
225 1305 310 1346 suum
327 1301 380 1346 :et
399 1288 449 1346 dat
467 1290 595 1348 fructum
616 1308 699 1348 suum
710 1290 734 1362 *,
748 1303 777 1348 et
795 1303 824 1348 te
835 1291 885 1370 ju-

122 1375 212 1435 bente
231 1379 358 1437 Domino
371 1384 436 1438 Deo
453 1400 506 1438 suo
521 1381 666 1456 germinat
676 1381 773 1438 anima
787 1395 885 1440 nostra

124 1485 215 1545 opera
234 1468 440 1528 misericordiae
457 1471 609 1526 secundum
629 1489 720 1545 genus
729 1491 740 1536 ,·
763 1469 885 1548 diligens

125 1559 295 1635 proximum
306 1560 337 1616 in
350 1557 489 1620 subsidiis
500 1559 703 1634 necessitatum
716 1561 886 1634 cummium,

125 1648 230 1706 liabens
252 1659 282 1706 in
303 1670 334 1706 se
356 1670 451 1706 semen
476 1651 627 1706 secundum
654 1652 885 1722 similitudinem

126 1740 264 1815 quoniam
279 1760 316 1798 ex
333 1751 433 1798 nostra
449 1740 832 1820 infirmitate·c0mpatimur
849 1743 887 1800 ad

127 1830 360 1889 subveniendum
377 1829 585 1908 indigentibus,
596 1829 729 1887 similiter
744 1831 888 1906 opitulan-

128 1934 170 1979 tes
187 1920 434 1999 quemadmodum
449 1919 534 1978 nobis
546 1920 687 1978 vellemus
705 1939 791 1998 opem
807 1921 886 1994 ferri,

127 2014 151 2070 si
172 2011 276 2070 eodem
297 2012 386 2071 modo
411 2012 626 2089 indigeremus3
648 2031 706 2068 non
726 2024 837 2071 tantum
857 2015 887 2072 in

127 2100 275 2174 facilibus,
286 2116 425 2180 tanquam
437 2104 466 2161 in
479 2103 572 2161 herba
582 2103 724 2174 seminali,
736 2102 787 2160 sed
800 2106 886 2164 ctiam

127 2194 159 2250 in
178 2195 360 2272 protectione
380 2193 529 2271 adjutorii,
546 2194 615 2251 sorti
630 2192 748 2265 robore,
765 2195 840 2254 sicut
855 2196 888 2254 li-

128 2304 217 2361 gnum
235 2285 440 2356 fructiferum
455 2283 487 2342 id
505 2297 561 2357 est,
579 2284 764 2343 beneficum*
782 2285 819 2342 ad
833 2287 888 2344 eri-

128 2375 268 2454 piendum
286 2395 352 2433 eum
373 2376 425 2454 qui
443 2373 581 2452 injuriam
602 2375 720 2454 patitur,
745 2375 781 2432 de
799 2397 887 2434 manu

129 2467 264 2544 potentis,
283 2479 312 2524 et
331 2467 490 2545 praebendo
516 2468 705 2546 protectionis
729 2465 889 2524 umbracu-

130 2557 191 2614 lum
210 2555 308 2614 valido
323 2556 430 2614 robore
451 2556 523 2633 justi
534 2556 646 2634 judicii.

170 2725 359 2788 ¹Jobxxxv1n‚
377 2726 417 2780 to,
434 2727 474 2772 11.
