2352 4094
284 413 335 463 396
471 412 496 459 S.
514 409 696 460 AUGUSTINI
713 411 856 463 Eatscorl

543 586 678 650 CAPUT
699 589 791 650 XIII.

284 751 336 803 Cur
346 749 400 800 sinc
412 749 507 800 dierum
521 750 747 830 commemoratione
761 749 820 802 dicit
832 751 970 819 Scriptum,
982 753 1061 819 quod

384 829 410 882 in
423 831 543 901 principio
554 833 611 884 tecit
625 837 692 888 Deus
703 833 790 886 mlum
803 843 829 884 et
845 843 944 884 terram.

327 991 372 1050 16.
391 993 454 1051 Hoc
470 993 585 1053 interim
594 995 693 1058 sentio
704 1000 784 1056 Deus
796 1015 893 1068 meus,
906 1015 974 1055 cum
991 1017 1056 1057 au-

284 1079 333 1140 dio
349 1083 518 1164 loquentem
532 1084 713 1163 Scripturam
730 1097 828 1158 tuam,
844 1089 879 1142 In
895 1092 1053 1164 principio

277 1171 351 1248 fecit
366 1176 444 1231 Deus
461 1178 565 1252 roelum
580 1188 609 1232 et
623 1189 728 1233 terram
745 1197 755 1230 t
772 1189 849 1233 terra
866 1189 959 1233 cratem
983 1191 1055 1235 erat

283 1261 427 1320 invisibilis
439 1277 469 1322 et
477 1269 678 1341 incomposita,
692 1278 722 1322 et
730 1264 856 1329 tenebrae
869 1277 951 1322 erant
959 1285 1053 1342 snper

283 1352 414 1428 abyssum
426 1364 453 1426 ¹,
472 1373 567 1432 neque
586 1367 861 1414 commemorantem
881 1367 972 1433 quoto
996 1353 1050 1415 di'e

285 1442 387 1501 feceris
408 1443 480 1502 haec.
495 1435 545 1518 Sic
560 1443 678 1504 interim
698 1445 809 1518 sentio,
827 1457 949 1524 propter
969 1445 1050 1504 illud

284 1533 389 1592 coelum
405 1534 485 1607 coeli,
498 1535 603 1594 coelum
614 1535 824 1607 intellectuale,
837 1534 889 1594 ubi
901 1548 944 1594 est
954 1535 1049 1594 intel-

284 1625 376 1685 lectus
395 1644 479 1686 nosse
493 1625 596 1698 simul,
615 1645 674 1684 non
693 1646 730 1684 ex
747 1638 844 1704 parte,
858 1646 916 1684 non
932 1626 962 1684 in
975 1623 1049 1685 aeni-

282 1729 390 1794 gmate,
403 1736 462 1776 non
479 1735 534 1794 per
547 1718 716 1794 speculum3
731 1716 782 1776 sed
799 1737 836 1780 ex
851 1729 924 1791 toto,
939 1717 969 1778 in
979 1737 1050 1780 ma·

281 1806 498 1882 nifestaticne*,
513 1805 587 1868 facie
599 1806 637 1867 ad
650 1807 752 1867 faciem
762 1815 774 1844 ²
783 1825 792 1866 ε
805 1826 865 1867 non
874 1809 962 1868 modo
974 1809 1045 1884 hoc,

282 1903 371 1965 modo
384 1887 474 1974 iliud3
491 1899 543 1959 sed
559 1900 639 1978 quod
653 1899 764 1958 dictum
779 1913 836 1974 est,
851 1920 935 1960 nosse
954 1901 1045 1960 simul

282 1998 345 2055 sine
362 1995 423 2054 ulla
441 1991 638 2052 vicissitudine
659 1989 824 2069 temporum
844 2013 852 2050 :
872 2005 901 2050 et
920 2004 1046 2071 propter

282 2072 459 2146 invisibilem
484 2095 573 2162 atque
599 2082 822 2161 incompositam
850 2096 956 2141 terram
981 2083 1045 2142 sine

283 2177 342 2250 ulla
357 2173 557 2235 vicissitudine
570 2187 829 2252 temporumpquae
843 2175 918 2234 solet
932 2173 1045 2234 habere

283 2265 371 2324 modo
382 2264 479 2323 hoeet
490 2265 578 2323 modo
588 2265 677 2337 illud;
686 2265 756 2342 quia
766 2264 819 2323 uhi
830 2265 911 2324 nulla
920 2264 1044 2342 species,

281 2375 425 2433 nusquam
440 2367 482 2414 est
493 2355 550 2415 hoc
562 2368 592 2415 et
604 2355 687 2414 illud.
699 2359 823 2434 Propter
835 2356 894 2415 duo
901 2356 969 2413 'haec
979 2355 1044 2434 pri-

282 2447 371 2505 mitus
385 2446 542 2506 formatum
556 2458 586 2506 et
599 2446 716 2524 penitus
731 2447 871 2520 informe3
885 2446 972 2520 illud,
984 2463 1043 2506 coe-

282 2536 359 2610 lum,
376 2536 427 2595 sed
447 2539 553 2596 coelum
574 2535 656 2609 coeli;
674 2537 732 2595 hoc
753 2557 834 2610 vero,
853 2550 974 2610 terram,
990 2537 1042 2595 sed

147 2632 152 2637 '
210 2685 211 2688 ,
282 2640 390 2688 terram
412 2625 586 2690 invicibilem
610 2640 640 2686 et
659 2627 881 2707 incompositam
897 2639 1041 2706 :propter

282 2718 342 2777 duo
360 2719 423 2778 haec
442 2719 557 2778 interim
578 2718 671 2778 sentio
688 2718 749 2778 sinc
766 2717 1040 2778 commemoratione

282 2807 396 2892 dierum
417 2810 516 2869 dicere
536 2811 716 2890 scripturam
735 2823 832 2883 tuam,
847 2815 883 2868 In
899 2815 1040 2886 principio

276 2896 351 2972 serit
376 2903 455 2957 Dens
481 2903 591 2955 coelum.
609 2913 637 2957 ct
661 2915 775 2958 terram.
801 2899 902 2963 Statim
933 2899 1040 2977 quippe

283 2987 408 3066 subjecit
438 3005 527 3064 quam
552 2999 659 3048 terram
684 2989 801 3048 dixerit.
825 2993 862 3048 Et
890 2988 971 3067 quod
998 3008 1041 3050 se-

321 3159 406 3208 ¹Gen.
423 3171 445 3216 1,
460 3157 527 3206 l.-
544 3158 651 3208 ²ICor.
669 3173 729 3220 xm,
742 3163 782 3208 12.
