2316 4020
270 348 317 395 1³8
451 345 477 392 S.
495 343 677 393 succuum
694 343 835 394 EPISCOPI

265 453 471 506 Verumtamen
497 443 534 502 de
559 444 625 521 ipsc
648 443 750 502 mundi
774 443 862 521 hujus
888 461 1023 522 corpore,

266 537 404 613 omnique
426 546 530 592 namra
550 551 638 609 quam
659 548 758 590 sensus
781 534 876 591 carnis
896 532 1024 611 attinge·

266 639 320 695 ret,
339 626 430 684 multa
442 617 644 702 probabiliora
654 623 810 700 plerosque
820 624 942 682 sensisse
955 624 1026 701 phi-

267 715 423 794 losophos,
448 715 539 792 magis
561 714 710 790 magisque
730 711 916 772 considerans
935 724 1025 791 atque

268 825 455 884 comparans,
470 801 647 882 judicabam.
668 807 771 880 ltaque
782 803 1025 863 Academicorum

268 915 363 967 more,
380 897 456 955 sicut
467 895 677 966 existimantur,
691 891 829 952 dubitans
841 892 878 950 de
890 893 1025 952 omnibus

268 1001 356 1064 atque
376 988 452 1045 inter
468 986 567 1044 omnia
584 983 740 1057 flncmans,
762 985 937 1044 nraniohaeos
954 986 1025 1064 qui-

270 1079 335 1136 dem
354 1078 561 1155 relinquendus
577 1093 639 1134 csse
651 1076 767 1134 decrevi
784 1093 864 1133 :non
882 1075 1027 1135 arbitrans

270 1188 306 1226 eo
319 1169 384 1246 ipsc
399 1180 530 1244 tempore
544 1163 733 1223 dubitationis
751 1183 822 1222 meae
837 1164 867 1221 in
884 1165 935 1223 illa
948 1177 1028 1224 secta

271 1257 340 1316 mihi
365 1255 593 1336 permanendum
613 1273 690 1323 cese,
721 1253 770 1312 cni
788 1252 848 1330 jam
871 1255 1028 1313 nonnullus

270 1347 462 1425 philosophus
479 1342 701 1423 praeponebam
719 1342 827 1420 quibus
846 1355 941 1401 tamen
958 1344 1028 1422 phi·

271 1438 418 1515 losophis,
447 1435 528 1513 qnod
551 1435 612 1492 sine
636 1435 753 1492 nornine
777 1433 896 1492 salutari
921 1434 1029 1494 Christi

272 1541 378 1598 essent,
396 1526 575 1585 curationem
590 1525 737 1602 languoris
750 1523 852 1582 animae
863 1539 935 1582 meae
946 1541 1029 1582 com—

272 1618 387 1676 mittere
399 1618 517 1676 omnino
531 1614 711 1675 recusabam.
729 1615 821 1674 Statui
834 1633 905 1693 ergo
918 1614 1029 1672 tamdiu

272 1727 336 1776 esse
356 1707 583 1768 catechumenus
600 1707 630 1765 in
649 1706 793 1764 catholica
811 1705 940 1764 Ecclesia
956 1703 1030 1762 milri

274 1799 474 1878 aparentibus
491 1791 705 1868 commendata,
726 1796 819 1856 donec
835 1794 943 1872 aliquid
958 1797 1031 1854 certi

275 1893 403 1950 eluceret
423 1909 483 1968 quo
504 1905 621 1950 cursum
645 1887 810 1966 dirigerem.
