2316 4020
260 529 307 576 tto
443 519 468 568 Β.
487 513 665 566 Atreusrmu
683 513 826 563 triscoru

255 637 344 688 steret
355 626 452 701 imago
466 631 524 690 tua,
535 614 670 696 pulsans*
685 617 881 692 proponerem
893 631 1017 690 quomo

256 719 295 776 do
309 711 486 774 credendum
501 717 589 780 esset,
603 725 662 764 non
678 703 820 762 insultans
834 721 1017 780 opponerem

255 807 338 886 <prasi
361 805 401 862 ita
423 798 662 860 crediturn'esset
679 815 686 852 τ
706 807 785 852 tanto
805 794 896 872 igitur
918 795 1017 852 acrior

256 917 327 958 eura
339 893 465 954 rodebat
477 892 578 949 intima
595 907 659 946 mee
671 883 742 964 quid
754 885 828 942 certi
842 884 1015 956 retinerem,

255 1001 365 1066 quanto
381 1005 427 1044 me
441 981 532 1059 magus
551 977 681 1057 pudebat
695 989 754 1046 tem
773 973 824 1032 diu
845 975 963 1033 iiiusuru
983 987 1015 1033 et

255 1077 409 1153 deceptum
421 1069 613 1150 promissione
621 1078 780 1136 certorum,
794 1063 900 1142 puerili
913 1084 1015 1122 errore
1090 1055 1093 1059 ’

255 1179 286 1224 et
309 1162 499 1232 animositate,
516 1172 575 1216 tam
594 1155 686 1216 muita
703 1154 815 1212 incerta
828 1151 919 1230 'quasi
933 1165 1016 1211 certa

256 1255 388 1335 garrisse.
408 1251 496 1328 Quod
509 1250 588 1308 enim
604 1247 676 1304 falsa
699 1257 808 1315 essent,
822 1255 924 1322 postea
941 1243 1016 1300 mihi

256 1347 368 1406 claruit.
383 1351 500 1406 Certum
513 1354 608 1398 tamen
623 1349 685 1394 eret
696 1329 778 1413 quod
788 1334 898 1392 incerta
910 1346 1016 1405 essent,

257 1450 286 1494 et
305 1457 321 1494 a
339 1455 385 1494 me
407 1429 564 1510 aliquando
585 1447 639 1506 pro
661 1426 748 1485 certis
764 1423 865 1482 habita
883 1424 1015 1495 fuissent,

257 1547 323 1592 ,cum
338 1525 515 1586 Catholicam
529 1533 609 1578 tuam
624 1517 707 1588 eaeois
717 1514 950 1574 contentionibus
964 1535 1014 1574 ac-

257 1625 398 1688 cusarem,
414 1613 467 1674 etsi
480 1611 611 1670 nondum
625 1618 803 1686 compertam
820 1624 890 1663 vera
903 1605 1015 1664 doeen*

258 1723 326 1780 tem,
344 1727 403 1766 non
419 1719 515 1764 tamen
532 1721 566 1760 ea
580 1700 734 1758 docentem
747 1715 811 1776 quae
825 1695 952 1774 graviter
965 1715 1017 1753 ac-

258 1799 405 1859 cusabam.
419 1801 523 1872 Itaque
535 1788 744 1859 confundebm,
759 1799 787 1844 et
804 1785 1016 1844 convertebar:

257 1904 288 1948 et
295 1889 468 1970 gaudebam,
480 1891 560 1943 Deus
572 1901 663 1952 meris,
676 1877 756 1957 quod
767 1875 915 1936 Ecclesia*
927 1876 1015 1936 unica

257 2001 365 2059 corpus
383 1977 468 2037 Unici
488 1975 539 2045 tui,
556 1974 586 2030 in
602 1991 660 2048 qua
685 1967 758 2027 mibi
779 1986 885 2026 nomen
907 1965 1015 2026 Christi

257 2072 359 2136 ¹infanti
374 2081 416 2126 est
429 2066 563 2134 inditum,
584 2081 643 2118 non
659 2072 775 2137 saperet
795 2059 941 2118 iniecti-les
955 2079 1015 2116 nu-

257 2182 321 2240 gus;
334 2177 429 2235 neque
451 2156 508 2212 boe
521 2151 644 2210 baberet
657 2150 688 2208 in
709 2149 842 2228 doctrine
863 2149 1015 2246 effrena,

256 2249 337 2326 quod
361 2259 390 2304 te
413 2255 573 2302 creatorem
602 2239 732 2296 oninium
754 2239 783 2295 in
805 2229 930 2315 spatium
956 2239 1016 2296 loci

257 2336 388 2420 quremvis
406 2351 552 2392 summum
570 2341 602 2387 et
613 2329 753 2404 emplum,
774 2339 870 2388 tamen
884 2327 1015 2404 undique

256 2429 440 2488 terminatum
466 2421 666 2480 membrorum
695 2413 901 2478 humanorum
920 2419 1014 2496 figura

257 2517 453 2580 contruderet.
587 2529 589 2532 ·

297 2613 323 2669 6.
340 2606 513 2668 frendebam
527 2605 613 2662 etium
631 2601 711 2678 quod
725 2614 824 2659 vetera
838 2601 948 2678 scripta
959 2605 1017 2662 Le-

255 2705 299 2784 gis
323 2715 352 2761 et
369 2698 582 2777 Prophetarum
602 2692 663 2770 jam
688 2713 747 2750 non
769 2693 821 2750 illc
835 2693 922 2750 oculo
943 2692 1016 2751 mibi

255 2793 377 2870 legenda
397 2797 640 2868 proponerentur,
657 2802 714 2858 quo
735 2793 818 2838 antea
838 2779 1015 2838 videbuntur

256 2881 393 2952 absurda,
406 2899 472 2936 cum
487 2874 641 2954 arguebam
653 2884 789 2946 tauquam
803 2871 844 2926 ita
857 2871 1013 2942 sentientes

256 2981 460 3040 sanctostuos5
476 2985 578 3024 verum
593 2975 759 3020 autemnon
771 2961 812 3017 ita
829 2959 1011 3017 sentiebant:

256 3076 285 3121 et
298 3075 436 3136 tanquam
450 3056 578 3134 regulum
595 3050 812 3130 diligentissime
826 3049 1014 3109 commende-

256 3168 310 3226 ret,
332 3170 408 3229 saepe
429 3149 459 3206 in
480 3143 672 3224 popularibus
688 3141 870 3200 sermonibus
891 3137 951 3198 suis
967 3140 1014 3197 di-

254 3257 367 3318 centem
391 3227 578 3298 Ambrosium
599 3237 683 3294 laetus
713 3231 881 3306 audiebam,
904 3237 1016 3290 Lr'tteru
