2352 4094
204 381 212 398 '
256 404 308 450 aso
387 367 396 380 “
441 401 825 454 s.nnnusn1u1m1scom

257 503 349 564 forme
363 513 439 573 erat,
457 500 518 578 jam
536 513 632 560 tamen
648 514 711 560 erat
724 501 804 579 quod
818 502 940 560 formari
956 522 1019 580 po—

257 605 340 652 terat.
364 596 407 651 Tu
429 592 516 662 euim,
540 591 674 663 Domine,
696 591 789 652 fecisti
813 591 955 650 muudum
979 592 1020 656 de

257 683 377 742 materia
391 682 519 755 informi,
536 703 623 761 qnam
638 683 731 742 fecisti
750 683 786 742 de
799 684 878 742 nulla
892 703 925 742 re
939 703 1018 763 pene

257 775 365 833 nullam
387 793 464 846 rem,
482 775 560 832 unde
582 774 692 832 faceres
713 791 817 852 magna
836 793 902 852 quac
923 775 1016 834 mira-

257 886 323 924 mur
341 864 393 922 lilii
414 864 574 922 hominum.
592 862 685 923 Valde
704 863 781 922 enim
802 862 937 924 mirabile
958 864 1018 924 hnc

257 957 361 1015 coelum
382 974 576 1033 corporeum,
601 954 682 1033 qnod
700 955 917 1016 flammeolum
939 955 1018 1016 iuter

257 1065 362 1122 aquam
386 1057 416 1103 et
435 1063 541 1122 aquam
562 1043 691 1106 secundo
711 1044 759 1106 die
780 1057 848 1124 post
866 1039 1016 1125 conditio·

258 1155 323 1194 nem
345 1136 418 1195 lucis
443 1135 559 1207 dixisti,
580 1138 666 1205 Fiat,
689 1147 718 1192 et
740 1135 782 1200 sic
807 1134 917 1194 factum
940 1147 1015 1196 est¹.

257 1224 344 1299 Quod
368 1227 583 1286 firmamentum
606 1225 714 1288 vocasti
735 1223 860 1298 coelum5
883 1225 936 1285 sed
956 1246 1020 1286 coc·

257 1317 318 1392 lum
341 1330 424 1376 terrae
446 1315 535 1393 hujus
560 1327 591 1374 et
613 1316 700 1377 matis
723 1335 789 1393 quae
809 1315 905 1379 fecisti
929 1317 1017 1378 tertio

258 1407 319 1478 die,
334 1406 576 1485 dandospeciem
588 1405 736 1468 visibilem
750 1405 869 1466 informi
885 1407 1016 1466 materiae

259 1516 346 1573 quam
363 1498 457 1558 fecisti
472 1509 540 1558 aute
557 1515 673 1557 omnem
692 1495 779 1556 diem.
796 1499 860 1554 Jam
878 1496 956 1554 euim
969 1495 1031 1554 fe-,

259 1607 340 1648 ceras
357 1601 386 1646 et
402 1588 507 1647 coelum
523 1600 589 1646 ante
605 1606 722 1645 omnem
741 1586 828 1660 diem,
846 1585 898 1644 sed
911 1585 1017 1645 coelum

258 1680 323 1737 cosli
336 1678 440 1756 hujus3
452 1668 522 1756 quia
536 1679 567 1737 iu
582 1675 730 1756 principio
744 1677 858 1740 feceras
868 1677 973 1742 aoelum
986 1687 1017 1746 el

259 1781 376 1834 testam.
394 1773 483 1831 'ferta
497 1779 593 1830 autem
608 1767 672 1848 ipsa
688 1790 776 1848 quam
790 1772 909 1845 feceras,
921 1770 1017 1830 infor·

258 1866 312 1923 mis
332 1863 467 1922 materies
487 1875 564 1935 erat,
581 1859 651 1939 quia
667 1859 822 1921 invisibilis
839 1875 905 1940 etat
921 1873 950 1922 et
970 1863 1017 1920 in-

259 1955 437 2034 composita,
457 1966 486 2012 et
506 1951 634 2012 tenebrae
657 1971 746 2030 super
768 1950 905 2030 abyssum
917 1953 930 1978 *
948 1975 959 2009 s
980 1953 1018 2012 de

258 2069 317 2126 qua
343 2061 420 2107 tetra
443 2045 584 2109 invisibili
610 2057 640 2102 et
663 2043 869 2122 incomposita,
895 2045 931 2103 de
958 2065 1018 2123 qua

258 2140 449 2212 informitate,
472 2139 509 2198 de
533 2158 593 2217 quo
616 2157 690 2216 pene
709 2136 800 2198 nihilo
823 2129 933 2196 faceres
954 2137 1018 2196 haec

260 2235 356 2290 omnia
375 2231 483 2308 quibus
503 2232 558 2309 iste
581 2229 729 2290 mutabilis
752 2229 878 2288 muudus
896 2241 1017 2300 constat,

259 2335 288 2379 et
305 2342 363 2378 non
382 2333 509 2392 constat,
523 2321 626 2398 inquo
644 2321 708 2398 ipsa
726 2319 906 2380 mutabilitas
925 2339 1019 2398 appa—

259 2423 303 2468 ret
319 2411 348 2466 in
365 2429 423 2486 qua
440 2410 541 2487 sentiri
563 2422 593 2468 et
611 2409 790 2470 dinumerari
808 2423 931 2489 possunt
948 2423 1019 2468 tem·

256 2521 346 2578 pora,
362 2501 432 2580 quia
450 2522 548 2567 rerum
566 2500 778 2562 mutationibus
794 2503 868 2562 fiunt
886 2515 1018 2580 tempora

260 2595 330 2675 dnm
351 2595 500 2655 variantur
519 2609 548 2654 et
568 2606 723 2653 vertuntur
745 2595 874 2673 species,
886 2581 1018 2670 'quarum

260 2687 392 2761 materies
414 2686 556 2764 praedicta
574 2698 618 2746 est
640 2691 717 2744 terra
733 2683 895 2748 invisibilis.

297 2839 414 2914 ¹Genj1,
425 2862 449 2914 6,
461 2861 485 2906 7.
