2384 4052
280 502 329 550 ³2⁸
451 497 491 563 18.
510 493 688 544 mausum
705 496 848 546 Erlscotu

278 598 336 654 lroc
361 591 497 664 videnum
524 593 608 670 quasi
632 594 786 671 quisquam
809 617 860 655 eos
884 598 1036 682 vigilantes

278 687 380 744 videre
400 685 538 764 coegerit,
561 697 613 742 aut
635 685 862 760 pulchritudiuis
879 689 939 748 ulle
957 693 1036 752 serua

277 777 463 855 persuaserit.
490 779 536 834 Ita
557 788 588 833 et
610 774 642 832 iu
670 776 780 834 caeteris
800 777 942 853 sensibus,
969 801 1051 858 quse.

277 867 415 946 persequi
435 868 555 944 longum
577 877 630 924 est.
653 869 696 923 Ex
717 864 774 924 hoc
792 867 895 926 morbo
919 871 1037 948 cupidi-

278 957 360 1029 tatis,
373 958 403 1016 iu
421 955 594 1034 spectaculis
610 953 788 1014 exhibentur
805 977 931 1034 quaeque
948 959 1036 1022 miru-

278 1048 353 1105 culu.
367 1045 443 1104 Hinc
456 1045 494 1104 ad
507 1044 716 1122 perscrutanda
732 1057 844 1104 naturae
859 1046 941 1126 (quoe
954 1069 1034 1126 prae-
1082 1082 1086 1087 ·

279 1151 324 1194 ter
335 1157 388 1194 nos
402 1135 461 1215 est)
472 1149 576 1213 operte
588 1134 783 1213 proceditur,
796 1157 862 1213 quae
872 1140 947 1198 scire
960 1141 1035 1200 nihil

278 1227 409 1304 prodest,
423 1239 453 1284 et
467 1226 540 1284 nihil
555 1225 634 1284 aliud
648 1244 736 1302 quam
747 1226 823 1285 scire
836 1227 969 1288 homiues
981 1249 1037 1290 eu·

278 1319 372 1395 piuut.
399 1317 475 1379 Hinc
498 1316 598 1387 etiam,
621 1316 647 1373 si
669 1314 741 1393 quid
762 1316 866 1378 eodem
889 1337 1036 1395 perverse

278 1409 404 1466 scientie
418 1408 475 1466 line
491 1427 544 1484 per
562 1418 639 1464 artes
652 1407 778 1482 magicas
793 1408 942 1484 quaeritur.
959 1410 1035 1469 Hinc

279 1499 366 1556 etiam
389 1497 505 1574 inipso
532 1495 671 1573 religione
696 1499 777 1553 Deus
802 1509 944 1570 tentatur,
967 1519 1034 1558 cum

279 1587 360 1665 signe
379 1599 408 1646 et
426 1586 561 1665 prodigia
577 1586 758 1663 flagitantur,
775 1605 835 1644 non
854 1588 892 1646 ad
909 1589 1035 1666 aliquem

278 1679 410 1750 sulutem,
421 1677 474 1736 sed
487 1676 524 1734 od
536 1677 627 1734 solem
640 1675 848 1752 experientiam
862 1676 1034 1738 desiderate.

319 1770 368 1826 56.
382 1773 417 1826 ln
429 1768 483 1826 hac
500 1779 557 1824 tam
571 1766 711 1824 immensa
724 1766 797 1825 silva
810 1769 897 1845 plena
911 1769 1034 1829 iusidia-

278 1878 343 1918 rum
360 1871 390 1916 et
406 1857 617 1934 periculorum,
635 1875 705 1915 ecce
721 1857 813 1916 multu
823 1857 836 1882 *
849 1858 1034 1935 praeciderim

279 1961 308 2006 et
329 1968 345 2006 a
366 1967 431 2006 meo
449 1946 538 2004 corde
558 1945 739 2024 dispulerim,
754 1946 839 2006 sicuti
857 1947 969 2008 donasti
987 1970 1034 2011 me

279 2039 390 2109 lacere,
414 2041 493 2096 Deus
523 2036 622 2096 salutis
649 2055 735 2106 meae3
763 2048 889 2096 attamen
915 2037 1036 2114 quando

278 2129 372 2188 audeo
387 2127 495 2197 dicere,
510 2147 578 2186 cum
594 2127 822 2203 circumquaque
834 2127 1040 2202 quotidianam,

277 2221 365 2276 vitam
381 2229 510 2275 noscam
527 2229 584 2276 tem
600 2216 692 2276 multu
708 2217 794 2294 hujus
808 2219 921 2295 generis
935 2237 1034 2282 rerum

278 2312 536 2385 circumstrepunt3
552 2309 670 2386 qtrando
685 2310 780 2372 audeo
795 2309 892 2373 dicere
909 2311 1053 2376 nullures·

277 2401 329 2458 tuli
343 2418 389 2459 me
403 2398 546 2458 intentum
564 2400 627 2460 fieri
644 2399 681 2458 ad
699 2399 901 2478 spectandum,
915 2413 945 2462 et
959 2421 1034 2463 vurta

277 2509 348 2549 euru
361 2488 554 2566 capiendum?
568 2493 640 2552 Sane
655 2509 701 2552 me
710 2487 773 2565 jam
787 2479 900 2548 theatra
912 2510 971 2552 non
982 2511 1034 2553 re.-

276 2578 373 2657 piunt,
394 2598 448 2647 nee
467 2599 539 2638 curo
560 2599 644 2638 nosse
662 2569 799 2642 transitus
817 2571 961 2650 siderum,
977 2595 1040 2646 uec,

276 2669 371 2729 auimo
383 2687 448 2728 mee
467 2687 594 2745 unquam
608 2687 746 2745 respousa
761 2668 894 2743 quaesivit
908 2667 1031 2736 umbre-

277 2776 359 2830 rum;
375 2758 472 2819 omnia
492 2758 632 2834 sacrilega
648 2768 827 2822 sacramenta
849 2756 987 2826 detestor.
1004 2763 1031 2816 A

277 2863 316 2920 oe,
334 2849 463 2910 uomina·
478 2853 557 2912 Deus
576 2869 675 2919 meus„
684 2849 731 2908 cui
746 2847 888 2913 ,humilem
905 2839 1037 2918 famule„

277 2952 340 2998 tum
357 2938 568 3015 scripptum
579 2937 689 3010 debeo,
704 2937 819 3014 quantis
834 2955 950 3008 mecum
962 2959 1031 3016 sug-

276 3030 439 3108 gestionum
458 3025 720 3092 machinationibus
745 3026 805 3103 egit
829 3026 976 3098 iuimicus,
997 3040 1034 3086 ut

275 3119 388 3198 siguum
413 3116 532 3193 aliquod
555 3119 672 3194 petam?
699 3115 755 3176 Sed
777 3108 903 3175 obsecro⁴
926 3131 954 3176 te
977 3137 1031 3195 per

274 3213 383 3284 Regem
397 3217 544 3280 nostrum,
559 3219 590 3264 et
602 3206 726 3284 putrium
740 3205 902 3266 Je'rmulcm
916 3207 1029 3284 simpli-
