2352 4094
295 516 344 564 ³7⁶
478 515 503 563 S.
520 511 701 566 AUGUSTINI
718 518 862 568 EPISCOPI

292 613 388 674 metiri
408 611 537 692 poterit?
555 617 592 670 Et
613 613 752 673 metimur
778 627 875 696 tamen
899 595 1053 697 tempora}

289 725 343 763 nee
359 723 393 762 ea
405 722 470 780 quae
481 701 611 761 nondum
626 717 705 777 sunt,
725 725 779 764 nec
792 725 826 764 ea
838 707 976 785 quaejam
985 701 1054 770 non

289 807 372 868 sunt,
390 807 490 852 nec'ea
501 814 565 872 quae
579 797 659 853 nulla
673 815 755 854 mora
767 797 975 872 extenduntur,
992 823 1052 862 uec

288 905 323 944 ea
334 873 399 964 quie
413 880 552 942 terminos
566 905 625 942 uon
641 885 751 944 habent
768 907 775 942 ε
792 907 846 946 nec
862 889 962 948 lutura
976 911 1050 969 ergo

288 997 342 1036 nec
353 976 516 1055 praeterita,
537 995 590 1034 uec
607 977 775 1053 presentia,
794 997 848 1036 nec
863 992 1050 1056 praetereun-

242 1111 245 1119 Δ
288 1067 328 1125 tia
346 1078 477 1144 tempora
491 1065 646 1138 metimur3
668 1078 697 1124 et
711 1067 848 1126 metimur
860 1080 957 1128 tamen
972 1083 1049 1130 tem-

285 1175 368 1235 pora.

324 1247 372 1304 35.
395 1253 504 1306 «Deus
527 1261 642 1306 creator
664 1247 812 1320 omnium3
831 1275 843 1302 υ
863 1269 966 1309 versus
987 1250 1046 1310 iste

283 1349 350 1396 oeto
371 1337 568 1414 syllabarum,
587 1337 728 1397 brevibus
750 1351 780 1396 et
803 1341 896 1417 longis
919 1341 1045 1401 alternat

283 1428 408 1506 syllabis.
425 1433 558 1503 Quatuor
570 1429 669 1506 itaque
682 1428 803 1500 breves3
819 1430 929 1508 prima,
944 1433 1043 1506 tertia,

282 1520 392 1598 quinta,
406 1520 545 1598 septima,
568 1520 679 1598 simplae
697 1520 815 1578 suntad
831 1535 959 1598 quatuor
974 1523 1044 1581 lon-

280 1631 347 1688 gas;
370 1611 544 1683 secundam,
568 1623 719 1688 quartam,
742 1623 869 1682 sextam,
893 1623 1038 1686 octavam.

278 1705 330 1760 11ae
351 1691 470 1778 singulae
490 1701 527 1758 ad
548 1700 611 1758 illas
637 1699 764 1777 singulas
784 1699 906 1778 duplum
919 1701 1041 1779 babent

279 1794 432 1870 temporis;
446 1789 615 1870 pronuntio,
629 1791 775 1864 renuntio,
789 1803 818 1849 et
832 1792 873 1848 ita
886 1804 931 1850 est
945 1812 1040 1871 quan-

279 1894 340 1941 tum
355 1883 477 1942 sentitur
493 1903 578 1941 sensu
592 1882 753 1940 manifesto.
769 1885 915 1955 Quantum
934 1901 1037 1942 sensus

277 1973 444 2031 manifestus
463 1984 522 2044 est,
546 1971 631 2029 brevi
651 1969 762 2048 syllaba
778 1971 898 2046 longam
918 1973 1035 2044 metior,

276 2081 398 2138 eamque
418 2061 528 2120 habere
550 2059 595 2118 bis
616 2071 728 2118 tantum
749 2059 851 2118 sentio.
882 2060 939 2118 Sed
964 2081 1033 2120 curn

273 2153 364 2210 altera
376 2165 442 2231 post
452 2155 573 2211 alteram
582 2163 675 2223 sonat,
688 2150 712 2208 si
726 2150 807 2228 prior
818 2149 927 2230 brevis,
945 2153 1033 2229 longa

272 2244 425 2320 posterior,
447 2241 595 2319 quomodo
615 2239 721 2298 tenebo
744 2240 879 2312 brevem,
902 2253 931 2300 et
951 2261 1031 2318 quo—

272 2333 439 2391 modoseam
455 2334 549 2408 longae
564 2331 684 2388 metiens
700 2330 874 2410 applicabo,
895 2343 928 2388 ut
943 2331 1030 2391 inve—

271 2421 349 2478 niam
362 2422 441 2499 quod
456 2420 502 2480 bis
521 2433 632 2488 tautum
645 2420 767 2494 habeat3
790 2421 1028 2500 quandoquidem

269 2501 355 2588 longa
378 2531 479 2572 souare
500 2530 559 2569 non
577 2508 698 2588 incipit,
727 2509 782 2569 nisi
802 2503 901 2570 brevis
920 2531 1027 2574 ,souare

269 2604 432 2663 destiterit?
452 2609 548 2683 Ipsam
559 2621 677 2680 quoque
697 2603 813 2680 longam
828 2622 886 2661 nou
903 2623 1028 2682 praesen-

268 2708 326 2754 tem
347 2696 470 2768 metior,
491 2692 609 2774 quando
629 2694 685 2752 uisi
705 2695 815 2752 finitam
835 2713 896 2752 non
912 2696 1025 2755 metior.

265 2786 336 2865 Ejus
348 2799 445 2847 autem
455 2786 557 2859 linitio,
572 2774 732 2864 praeteritio
743 2797 793 2844 est.
812 2784 890 2860 Quid
901 2789 971 2862 ergo
981 2799 1025 2846 est

240 2934 244 2946 ,
266 2877 346 2954 quod
367 2877 492 2935 metiar?
510 2875 570 2934 Ubi
590 2887 647 2948 est,
667 2895 725 2952 qua
738 2875 751 2899 *
767 2874 882 2946 metior,
902 2873 1024 2934 brevis?

265 2965 318 3029 ubi
332 2975 375 3023 est
388 2966 475 3042 longa
486 2984 574 3042 quam
587 2961 711 3022 metior?
729 2963 830 3022 Ambae
847 2978 1023 3038 sonuerunt,

263 3057 470 3127 avolaverunt,
491 3054 708 3132 praeterierim,
729 3053 789 3132 jam
808 3073 867 3138 non
885 3065 971 3126 suut3
993 3069 1023 3112 et

263 3167 317 3226 ego
336 3144 454 3217 metior,
473 3144 655 3222 fidenterque
673 3143 855 3224 respondeo,
878 3154 1021 3221 quantum

262 3233 419 3304 exercitato
441 3252 526 3294 sensu
546 3231 663 3306 fiditur,
691 3234 772 3294 illam
792 3233 926 3312 simplam
948 3251 1020 3305 esse,
