2326 4020
241 375 276 421 20
423 376 448 424 S.
465 373 654 428 Affiilss'fflii
671 375 815 429 armabat

240 473 328 536 etiam
345 473 640 547 praeconatum
667 473 843 537 inveniendo
866 473 998 540 inuenire

240 565 358 640 potius,
371 583 460 642 quam
478 563 654 627 innenicndo
667 585 728 630 non
739 564 870 629 invenite
886 576 924 628 te.

449 711 640 850 CAPUT
657 711 785 809 Vll

256 881 258 886 ι
323 979 335 985 ..
391 857 497 976 ιιιιιιιιιι
511 923 607 976 quoque
618 907 725 976 peccans
736 907 847 960 οιιιιοιιι
945 983 949 990 ι

282 1056 330 1116 11.
343 1043 467 1130 Exaudi,
478 1061 567 1116 Deus.
579 1057 628 1115 Vae
639 1057 767 1136 peccatis
780 1045 945 1116 hominum!
963 1061 999 1117 Et

241 1148 329 1206 homo
343 1147 415 1207 dicit
430 1147 507 1221 haec,
520 1159 550 1206 et
564 1147 709 1207 misereris
726 1144 803 1227 ejus,
817 1148 955 1227 quoniam
966 1161 999 1217 tu

241 1237 333 1298 fecisti
343 1258 422 1311 eum,
433 1249 462 1296 et
475 1251 628 1317 peccatum
644 1259 704 1298 non
718 1239 831 1298 iecisti'
823 1258 854 1298 ιιι
866 1257 910 1298 eo.
926 1239 998 1314 Quis

240 1327 305 1389 me*
329 1340 541 1390 commemorat
565 1340 719 1406 peccatum
751 1329 881 1390 infantiae
907 1331 997 1388 meaa?

240 1405 384 1493 Quoniam
406 1438 492 1477 nemo
511 1418 637 1478 mundus
653 1438 670 1477 a
676 1423 810 1498 peccato
833 1437 932 1478 coram
952 1431 997 1491 te,

235 1528 294 1567 :noc
308 1509 402 1568 infans
415 1507 498 1587 cujus
512 1520 555 1568 est
568 1510 654 1568 unius
675 1507 733 1568 diei
751 1510 813 1570 vita
828 1529 917 1588 super
937 1521 999 1568 ter·

240 1611 330 1659 ram¹.
342 1600 413 1675 Quis
424 1619 472 1658 me
487 1601 713 1660 commemorat?
727 1603 773 1658 An
789 1597 914 1678 quilibet
931 1611 998 1668 tane

243 1691 321 1750 tillus
342 1709 420 1749 nunc
440 1691 591 1769 parvulus,
614 1690 645 1749 in
658 1708 718 1769 quo
731 1689 820 1749 video
841 1687 921 1768 quod
939 1711 998 1756 non

240 1779 359 1840 memini
374 1780 411 1838 de
427 1783 493 1839 mei
506 1781 584 1856 Quid
599 1779 668 1860 erpo
681 1793 750 1840 tunc
762 1780 939 1860 peccabam?
951 1787 997 1842 An

240 1873 310 1950 quia
320 1869 463 1931 uberibus
480 1871 629 1930 inhiabam
642 1873 778 1950 plorans?
790 1879 865 1933 Nam
879 1873 903 1932 si
919 1893 997 1932 nunc

240 1962 355 2034 saciam,
371 1982 430 2020 non
449 1961 568 2043 quidem
586 1960 740 2034 uberibus,
760 1961 812 2021 sed
835 1979 911 2026 escae¹
930 1983 997 2022 con-

240 2051 356 2131 gruenti
367 2051 448 2110 annis
460 2051 532 2109 meis
546 2049 587 2110 ita
600 2051 725 2125 inhians,
739 2048 895 2112 deridebor
909 2065 998 2132 atque

240 2139 440 2219 reprehendar
456 2137 724 2216 justissima'Tunc
744 2159 815 2219 ergo
834 2141 996 2220 repreben-

242 2230 339 2289 denda
349 2228 493 2289 faciebam
506 2252 514 2288 z
527 2230 579 2290 sed
590 2231 659 2310 quia
674 2229 937 2309 reprehendentem
950 2232 998 2291 in·

243 2321 374 2400 telligere
385 2341 443 2380 non
455 2336 602 2400 poteram;
615 2335 669 2381 nec
680 2341 743 2382 mos
754 2321 931 2400 reprehendi
940 2335 998 2395 mc,

242 2431 296 2470 nec
307 2412 383 2472 ratio
397 2412 521 2472 sinebat.
527 2415 605 2472 'Nam
618 2413 811 2492 exstirpamus
824 2424 854 2471 et
867 2412 997 2492 ejicimus

241 2502 297 2562 ista
311 2513 481 2562 crescentes.
496 2509 557 2564 Nec
572 2501 635 2561 vidi
648 2499 826 2580 quemqnam
843 2502 998 2574 scientem,

242 2587 309 2650 cnm
327 2591 453 2670 aliqni‘d'
459 2591 596 2671 purgat*,
613 2590 704 2650 bona*
713 2589 868 2671 projicere.
883 2598 929 2651 An
941 2609 997 2671 pro

242 2693 373 2760 tempore
394 2681 481 2740 etiam
504 2681 555 2739 illa
572 2675 651 2740 bona*
670 2695 769 2754 erant,
778 2677 877 2740 flendo
896 2691 997 2760 petere

242 2773 330 2831 etiam
339 2773 433 2860 quod
451 2772 542 2832 noxie
551 2771 713 2846 daretur,
725 2771 884 2852 indignari
893 2771 998 2842 acriter

240 2883 300 2944 non
311 2863 450 2944 subjectis
463 2859 643 2949 hominibus,
655 2859 756 2922 liberis
773 2875 803 2922 et
822 2859 998 2940 majoribus,

241 2932 345 3034 hisque
358 2973 375 3012 a
388 2937 495 3064 quibus
506 2953 619 3064 genitus
629 2965 682 3058 est,
690 2953 845 3070 multisque
857 2943 999 3059 praetcpea

279 3098 373 3150 ¹Jcb
362 3104 454 3162 aaut.
