2356 4018
300 398 554 452 GONMSIONUM
571 399 666 457 Lm
683 403 752 453 Ym-
859 400 910 450 21³

143 499 246 562 minus
259 502 342 556 Deus
362 511 424 558 erat
444 520 510 578 spes
523 499 601 580 ejus,
616 513 646 581 qt
663 521 723 558 nou
736 496 913 580 respiciebat

143 589 177 646 in
192 589 342 647 vanitates
355 590 428 648 etin
444 590 568 650 insanias
581 589 735 650 mendaces
743 601 764 648 ¹.
794 634 801 654 .

187 681 219 736 5.
234 679 388 756 Denique,
406 693 441 738 ut
450 694 578 740 ventum
593 693 638 740 est
653 681 690 739 ad
704 681 807 740 horam
821 682 912 760 proli·

147 769 248 828 tendae
262 769 342 842 fidei,
351 791 416 848 quae
427 770 526 830 verbis
538 773 626 830 certis
640 772 805 851 conceptis,
814 785 912 832 reten-

147 860 246 936 tisque
264 855 449 932 memoriter,
464 861 501 920 de
513 863 579 922 loco
591 862 781 922 eminentiore
791 862 823 920 in
841 881 911 922 eon-

147 963 255 1027 speotu
268 951 372 1028 populi
393 950 487 1012 fidelis
505 957 605 1012 Romae
623 951 709 1012 reddi
721 953 795 1013 solet
814 951 853 1012 ab
869 954 911 1012 eis

146 1038 203 1116 qui
219 1040 369 1102 accessuri
382 1053 450 1100 sunt
468 1041 510 1101 ad
523 1043 646 1121 gratiam
666 1055 760 1115 tuam,
779 1041 911 1114 oblatum

146 1147 214 1190 ease
234 1125 352 1188 dicebat
370 1131 519 1192 Victorino
535 1152 553 1190 a
570 1132 749 1212 presbyteris
764 1143 799 1192 ut
815 1151 912 1192 secre-

147 1219 209 1276 tius
230 1216 382 1292 redderet,
403 1220 479 1279 sicut
496 1222 647 1286 nonnullis.
663 1221 715 1300 qui
733 1221 911 1282 verecundia

148 1307 329 1387 trepidaturi
340 1309 532 1382 videbantur,
546 1311 647 1372 offerri
661 1331 723 1372 mos
737 1324 816 1384 erat;
827 1312 909 1372 illum

145 1411 249 1458 autem
275 1401 410 1460 maluisse
439 1403 563 1462 salutem
587 1423 669 1462 suam
694 1404 724 1462 in
752 1415 909 1482 conspectu

145 1501 257 1549 sauctae
271 1490 465 1551 multitudiuis
476 1494 618 1572 profiteri.
626 1497 691 1552 Non
700 1492 778 1552 enirn
789 1505 852 1552 erat
863 1513 909 1552 sa—

145 1581 196 1638 lus
211 1599 300 1656 quam
315 1579 441 1639 docebat
455 1583 489 1642 in
502 1582 666 1655 rhetorica,
681 1594 711 1640 et
729 1594 826 1642 tamen
843 1602 906 1642 eam

145 1667 268 1748 publice
282 1671 430 1748 professus
447 1673 758 1749 erat.Quant0.minus
773 1691 842 1750 ergo
857 1691 907 1730 ve-

147 1761 209 1819 reri
227 1759 330 1820 debuit
342 1777 523 1842 mansuetum
542 1783 658 1845 gregem
673 1775 755 1830 tunm
772 1781 907 1841 pronun-

148 1850 226 1908 tiana
241 1850 368 1911 verbum
382 1865 479 1924 tuum,
496 1855 619 1932 quinon
628 1849 786 1914 verebatur
796 1853 826 1910 in
840 1871 907 1910 ver.-

146 1935 196 2000 bis
208 1940 267 1998 suis
278 1938 380 1999 turbas
395 1942 583 2002 insanorum?
595 1947 698 2022 Itaque
709 1941 761 2002 ubi
777 1941 906 2001 ascendit

149 2041 183 2086 ut
194 2029 341 2103 redderet,
352 2049 452 2090 omnes
466 2032 583 2094 sibimet
595 2035 730 2106 invicem,
737 2033 861 2111 quisque
873 2043 907 2090 ut

148 2137 217 2178 eum
237 2134 371 2193 noverat,
386 2122 605 2201 instrepuerunt
627 2144 733 2183 nomen
752 2121 815 2202 ejus
832 2135 905 2182 stre-

148 2211 214 2290 pitu
232 2214 442 2290 gratulationis.
456 2216 528 2289 Quis
541 2229 639 2275 autem
653 2215 695 2276 ibi
710 2236 768 2275 nou
778 2235 845 2276 eum
854 2235 905 2276 no·

148 2303 247 2360 verat?
260 2307 297 2362 Et
309 2304 407 2364 sonuit
419 2325 520 2383 presso
533 2308 630 2366 souitu
644 2328 698 2386 per
713 2322 765 2367 ora
784 2318 905 2366 cunctu-

147 2412 217 2453 rum
228 2395 432 2455 collaetantium
446 2397 826 2470 rVictorinus,Vintorinnsl
839 2399 903 2458 Cito

146 2497 306 2544 sonuerunt
317 2487 524 2560 exsultatione,
541 2489 610 2565 quia
622 2489 763 2550 videbant
778 2509 860 2562 eum;
874 2501 904 2546 et

148 2573 206 2630 cito
232 2574 373 2633 siluerunt
398 2575 576 2649 intentione,
602 2590 636 2636 ut
661 2577 797 2637 audirent
824 2597 900 2637 eum.

146 2664 349 2724 Pronuntiavit
362 2665 412 2724 ille
422 2666 510 2725 fidem
523 2687 658 2728 veracem
672 2669 813 2746 praeclara
827 2667 903 2726 lidu-

148 2752 210 2825 cia,
220 2765 249 2814 et
262 2754 398 2814 volebant
408 2775 476 2816 eum
491 2777 591 2817 omnes
601 2778 705 2837 rapere
718 2758 796 2817 iutro
807 2757 838 2817 in
851 2777 903 2818 cor

148 2861 250 2916 suum;
262 2858 292 2904 et
307 2846 461 2926 rapiebant
474 2848 599 2908 amando
619 2861 649 2910 et
662 2848 816 2929 gaudendo
832 2871 840 2907 ε
857 2847 902 2910 hu

148 2932 324 3010 rapientium
344 2955 446 2998 manus
471 2949 563 3000 etant.

186 3121 267 3172 ¹Psal
284 3138 373 3184 xrxrx,
385 3130 408 3175 t.
