2352 4094
316 459 368 508 384
499 459 524 508 S.
542 457 726 510 AUGUSTINI
739 457 886 508 -EPISCOPI

308 559 411 632 pilatim·
429 560 561 632 quoerite,
580 570 609 613 et
624 563 791 628 invenietis‚·
805 561 940 637 pulsate,
963 574 994 617 et
1012 579 1080 636 apa·

313 654 402 704 rietur
420 647 510 704 vobis.
534 651 637 705 Omnis
652 656 728 706 euim
748 651 800 725 qui
812 656 890 726 petit
910 652 1041 726 accipit,
1058 661 1082 704 et

313 757 444 812 quaerens
466 745 584 808 invenit,
606 751 636 795 et
646 743 782 820 pulsanti
800 745 987 815 aperietur¹.
1009 743 1080 798 Pro·
1144 733 1145 750 ¹

313 827 400 884 missa
416 839 465 886 tua
478 841 561 899 sunt3
577 840 606 886 et
623 829 689 905 quis
709 828 771 887 falli
788 827 899 913 timeat„
919 849 996 888 cum
1014 846 1081 906 pro-

313 915 402 976 mittit
419 919 552 978 Veritas?

589 1099 726 1168 uAPUT
745 1100 787 1160 ΙΙ.
835 1132 838 1139 ·
910 1161 913 1166 .

517 1279 554 1326 De
571 1274 661 1345 duplici
674 1277 734 1347 uoelo
749 1283 774 1326 et
788 1282 865 1326 tanai

350 1441 378 1500 2.
393 1443 553 1504 Confitetur
568 1444 715 1503 altitudini
730 1457 787 1502 tuae
800 1442 955 1502 humilitas
971 1443 1076 1520 linguae

272 1565 274 1568 v
310 1552 391 1608 meae,
405 1535 544 1613 quoniam
559 1547 591 1594 tu
605 1535 698 1593 fecisti
711 1536 815 1610 ¹coelum
830 1546 860 1592 et
873 1545 1008 1618 terram3
1022 1527 1076 1590 hoc

232 1704 236 1710 ι
310 1627 415 1686 coelum
440 1627 520 1706 quod
540 1627 643 1699 video,
667 1622 833 1704 terramque
859 1645 951 1703 quam
978 1625 1074 1692 calco,

309 1717 387 1776 unde
409 1707 458 1777 est¹
476 1711 539 1776 haec
562 1729 640 1775 terra
667 1737 756 1795 quam
780 1729 880 1794 porto,
904 1729 938 1776 tu
969 1713 1072 1774 fecisti.

308 1805 366 1866 Sed
383 1807 435 1875 ubi
448 1820 492 1867 est
504 1808 609 1867 coelum
628 1806 711 1879 coeli,
720 1807 860 1879 Domine,
879 1806 916 1864 de
936 1827 1006 1886 quo.
1019 1823 1071 1862 au-

309 1893 435 1957 divimus
447 1899 478 1955 in
493 1918 566 1955 voce
581 1898 707 1960 Psalmi:
721 1901 830 1956 Coelum
845 1903 910 1954 coeli
927 1903 1056 1956 Domino
1060 1914 1071 1961 5

307 2000 412 2044 terram
436 1999 531 2044 autam
552 1988 632 2044 dedit
642 1988 719 2060 filiis
740 1987 884 2056 homiuum
897 1989 928 2044 ²?
945 1985 1010 2046 Ubi
1030 1994 1070 2040 est

307 2077 412 2136 coelum
432 2079 513 2156 quod
533 2098 592 2136 uon
611 2078 774 2149 cernimus,
794 2077 842 2136 cui
858 2085 936 2136 terra
951 2091 1000 2136 est
1015 2076 1069 2134 hoc

256 2225 257 2228 ,
306 2169 488 2246 omne-quod
504 2169 666 2228 cernimus?
679 2171 742 2226 Hoc
759 2169 836 2227 enim
851 2180 945 2227 totum
961 2185 1069 2244 corpo·

305 2274 400 2331 teum,
420 2278 479 2314 non
501 2257 612 2334 ubique
636 2270 729 2316 totum
747 2259 790 2316 ita
806 2259 920 2336 accepit
938 2259 1068 2338 speciem

306 2345 460 2423 pulchram
484 2347 515 2421 iu
539 2347 724 2420 novissimis,
750 2347 860 2428 cujus*
888 2348 1006 2408 fundus'
1027 2355 1069 2403 est

307 2428 385 2494 terra
403 2445 518 2518 nostra3
535 2437 586 2494 sed
606 2437 645 2496 ad
663 2438 737 2496 illud
756 2441 862 2500 coelum
876 2441 963 2514 coeli,
983 2437 1070 2498 etiam
1144 2473 1145 2484 η

295 2538 391 2598 ,terrae
411 2536 517 2584 nostrae
534 2527 639 2587 coelum
655 2541 733 2587 terra
753 2542 805 2590 est.
825 2535 862 2589 Et
878 2531 935 2590 hoc
952 2520 1070 2590 utrum·
1144 2525 1145 2540 *

306 2633 364 2696 que
378 2636 515 2696 maguum
530 2639 636 2698 corpus
649 2640 708 2702 uon
723 2620 858 2698 absurde¹
867 2633 946 2679 terra
960 2633 1020 2692 est,
1033 2613 1068 2674 ad

306 2709 380 2768 illud
391 2709 489 2769 nescio
501 2709 587 2788 quale
597 2713 703 2772 coelum
715 2712 795 2790 quod
804 2713 932 2772 Domino
943 2725 998 2786 est,
1010 2702 1068 2766 uon

307 2798 374 2859 filiis
390 2799 551 2860 hominum.
573 2863 574 2869 χ
982 2795 985 2798 ’

342 2976 351 3003 ¹
364 2967 509 3030 Matth.v11,
524 2971 548 3030 7,
559 2973 583 3018 8.
595 2997 630 3006 -
646 2969 728 3021 ²Psal.
746 2985 818 3029 uum,
832 2971 873 3019 1⁶.
