2326 4020
257 445 289 489 66
443 437 467 488 S.
486 437 667 488 AUGUSTINI
685 439 827 488 Erlscorr

252 541 322 598 dum
334 537 405 598 milii
416 539 478 596 haec
490 540 652 616 apostolica
662 543 730 596 nota'
741 551 837 611 erant,
847 537 904 600 hoc
918 552 1015 600 tamma

222 636 227 650 '
253 631 315 688 solo
333 628 499 689 delectabar
514 629 545 688 in
561 629 611 687 illa
628 629 842 700 exhortatione,
860 629 940 706 quod
956 639 1015 689 non

253 722 331 779 illam
347 732 398 778 aut
408 719 487 777 illam
503 732 625 792 sectam,
638 718 689 778 s'ed
701 719 808 797 ipsam,
821 739 1015 798 quaecumque

254 823 338 882 esset,
350 810 520 888 sapientiam
531 822 565 869 ut
577 809 741 888 diligerem,
754 822 784 867 et
799 816 974 886 quoererem,
985 825 1016 870 et

254 921 432 978 assequerer,
447 914 476 960 et
493 913 622 959 tenerem
641 913 730 977 atque
748 900 931 977 amplexarer
950 902 1014 960 lor-

252 993 335 1064 titer,
347 991 497 1051 excitabar
512 993 644 1052 sermone
657 991 722 1063 illo,
737 1004 766 1049 et
780 990 972 1065 accendebar,
986 1007 1016 1052 et

253 1081 390 1141 ardebam
399 1105 407 1155 ;
423 1095 453 1140 et
474 1081 531 1141 hoc
548 1083 641 1142 solum
656 1085 702 1140 me
721 1083 752 1140 in
769 1093 848 1140 tanta
861 1081 1015 1160 'flagrantia

252 1172 438 1250 refrangebat
447 1173 469 1244 *‚
480 1172 680 1250 quodnomen
695 1173 801 1230 Christi
818 1191 877 1230 non
889 1185 951 1230 erat
961 1171 1012 1231 ibi.

254 1261 398 1338 Quoniam
412 1264 468 1322 hoc
482 1283 588 1322 nomen
608 1261 769 1325 secundum
784 1262 1014 1322 misericordiam

254 1366 342 1427 tuam,
358 1355 497 1428 Domine,
507 1355 565 1412 hoc
579 1373 686 1412 nomen
704 1352 861 1418 saluatoris
875 1353 933 1411 mei
947 1353 1015 1411 Filii

255 1445 353 1516 tui,in
376 1445 442 1523 ipso
465 1445 562 1502 adhuc
585 1445 658 1502 lacte
676 1443 787 1512 matris,
809 1455 941 1502 tenerum
963 1463 1014 1502 cor

255 1554 351 1592 meum
366 1533 543 1612 praebiberat
552 1534 574 1607 *,
585 1546 614 1593 et
632 1535 690 1592 alte
706 1533 865 1604 retinebat;
877 1541 909 1591 et'
924 1534 1013 1610 quid:

162 1633 165 1644 '
254 1625 326 1702 qnid
343 1626 405 1682 sine
420 1623 478 1683 hoc
491 1625 608 1683 nomine
627 1625 741 1694 luisset,
757 1623 890 1701 quamvis
903 1623 1015 1682 littera-

254 1728 332 1786 tum,
346 1729 375 1773 et
391 1717 568 1794 expolitum,
583 1729 612 1774 et
628 1715 803 1786 veridicum,
824 1734 882 1772 non
901 1731 947 1771 me
969 1727 1014 1772 to-

254 1818 315 1864 tum
331 1799 471 1884 rapiebat.

533 1954 667 2016 CAPUT
688 1955 729 2016 V.

294 2111 404 2164 Fastidiit
415 2125 492 2160 sacras
504 2109 604 2159 Litteras
615 2119 714 2177 propter
725 2110 901 2176 simplicitatem
918 2112 974 2161 stili.

293 2255 321 2310 9.
344 2257 445 2330 Itaque
461 2251 572 2310 institui
586 2251 715 2309 animum
728 2253 881 2310 intendere
894 2253 925 2310 in
939 2253 1014 2312 Scri·

254 2356 355 2422 pturas
376 2354 502 2413 sanctas,
522 2354 556 2399 ut
574 2341 706 2400 viderem
729 2343 830 2419 quales
853 2351 955 2402 essent.
977 2348 1014 2401 Et

254 2428 322 2494 ecce
340 2433 428 2492 video
442 2453 504 2491 rem
523 2452 582 2490 non
599 2445 776 2510 compertam
792 2432 1012 2511 superbis,'ne-

255 2545 312 2602 que
321 2525 460 2582 nudatam
470 2524 583 2601 pueris;
598 2523 775 2584 sedincessu
785 2523 1015 2595 humilem‚‹suc-

255 2633 337 2673 cessu
358 2615 502 2672 excelsam
525 2626 555 2671 et
578 2613 704 2672 velatam
724 2613 888 2690 mysteriis:
902 2627 931 2672 et
953 2635 1013 2673 non

254 2725 334 2764 eram
347 2725 403 2783 ego
423 2705 487 2763 talis
502 2717 534 2762 ut
555 2704 663 2763 intrare
680 2705 713 2762 in
734 2724 803 2762 eam·
820 2723 947 2782 possem,
961 2718 1013 2763 aut

254 2795 393 2852 inclinare
412 2794 554 2852 cervicem
575 2794 615 2852 ad
636 2793 698 2872 ejus
713 2803 835 2870 gressus.
857 2800 921 2854 Non
935 2794 1012 2852 enim

255 2883 329 2942 sient
349 2881 438 2940 modo
457 2883 578 2960 loquor,
599 2883 641 2942 ita
664 2883 739 2942 sensi
756 2889 822 2942 c'um
846 2883 956 2942 attendi
975 2883 1012 2946 ad

254 2961 335 3031 illam
357 2963 538 3049 Scripturam
557 2995 564 3030 ε
581 2972 634 3030 sed
656 2973 716 3031 visa
733 2985 778 3032 est
799 2973 873 3032 mihi
894 2973 1013 3050 indigna

255 3083 342 3140 quam
364 3062 501 3122 Tullianae
522 3063 653 3138 dignitati
675 3083 882 3140 compararem.
904 3067 1013 3122 Tumor

254 3153 332 3211 enim
353 3171 434 3210 meus
453 3151 617 3230 refugiebat
640 3152 758 3211 modum
782 3151 859 3229 ejus3
884 3164 913 3210 et
936 3153 1012 3212 acies
