2384 4052
352 359 601 425 couinssionou
620 373 715 424 usus
733 376 767 424 x.
888 379 936 426 307

79 471 84 479 “
183 475 260 534 beati
274 495 335 534 esse
350 475 456 548 velint,
472 476 535 533 fieri
549 475 639 552 possit
658 487 690 531 ut
708 488 830 551 uterque
845 479 940 533 statim

182 585 213 624 se
233 566 294 624 sine
313 565 373 622 ulla
394 563 573 623 dubitatione
593 565 670 624 dicat
692 576 811 642 optare3
824 584 877 622 nec
896 565 939 621 ob

143 705 144 710 ,
182 655 262 713 aliud
276 654 345 713 velit
358 655 406 712 ille
421 654 561 725 militare,
574 675 627 712 nec
638 652 680 714 ,ob
695 655 773 712 aliud
785 656 839 712 iste
852 645 939 724 nolit,

181 743 236 801 nisi
255 755 287 801 ut
305 741 384 801 beati
404 743 484 800 sint?
503 743 599 801 Nam*
613 742 688 801 forte
709 744 845 819 quoniam
867 744 939 802 alius

180 833 266 905 hinc,
284 827 361 890 alius'
377 831 446 890 inde
465 831 589 909 gaudet3
610 833 650 889 ita
671 851 701 889 se
720 851 819 890 omnes
839 831 939 890 beatos

181 919 243 980 esse
261 922 335 980 velle
349 905 522 993 consonant,
534 921 779 998 quemadmodum
799 942 939 980 consona·
968 923 972 934 ’

174 997 257 1083 ¹rent,
274 1013 298 1069 si
312 1011 368 1069 hoc
384 1013 639 1088 interrogarentur,
657 1031 688 1070 se
705 1013 780 1070 velle
796 1013 937 1088 gaudere,

180 1113 268 1178 atque
290 1103 384 1179 ipsum
409 1101 546 1178 gaudium
569 1101 665 1158 vitam
682 1100 797 1158 beatam
823 1115 936 1160 vocant.

180 1191 264 1266 Quod
285 1193 338 1250 etsi
360 1192 432 1250 alius
453 1192 536 1263 hinc,
558 1191 630 1249 alius
658 1190 736 1249 illinc
759 1193 937 1270 assequitur,

180 1301 270 1354 unum
285 1295 327 1340 est
342 1295 436 1340 tamen
450 1299 509 1359 quo
524 1283 678 1361 pervenire
692 1302 791 1340 omnes
805 1283 938 1340 nituntur

179 1385 212 1429 ut
230 1373 381 1450 gaudeant.
397 1378 479 1448 Quae,
493 1374 631 1452 quoniam
657 1393 702 1431 res
730 1387 773 1431 est
792 1393 880 1450 quam
907 1393 937 1430 se

179 1478 330 1544 expertum
352 1485 409 1523 non
430 1485 491 1524 esse
514 1485 599 1524 nemo
619 1477 718 1542 potest·
733 1464 846 1534 dicere,
871 1485 937 1542 pro-

179 1566 278 1631 pterea
317 1567 432 1633 reperta
465 1556 494 1612 in
524 1553 663 1611 memoria
702 1553 935 1626 recognoscitur,

178 1643 295 1722 quando
310 1643 482 1740 beataevvitae
495 1663 600 1700 nomen
617 1640 743 1698 auditur.

424 1809 558 1871 CAPUT
579 1809 682 1872 XXII.

392 1978 466 2024 Beata
483 1973 533 2022 vita
553 1987 619 2038 qum,
634 1971 724 2022 etoubi.

217 2124 263 2184 32.
285 2107 386 2194 Absit,
400 2123 541 2193 Domine,
556 2121 630 2180 absit
649 2118 766 2178 acorde
780 2122 856 2178 servi
875 2123 932 2190 tui,

177 2215 227 2292 qui
242 2215 395 2278 confitetur
410 2211 569 2283 tibi;,absit
581 2225 614 2270 ut
627 2231 812 2288 quocumque
826 2211 931 2288 gaudio

176 2305 327 2382 gaudeam,
339 2304 456 2364 beatum
469 2323 515 2365 me
524 2315 635 2381 putem.
644 2306 694 2358 Est
707 2303 782 2360 enim
794 2303 931 2378 gaudium
999 2312 1003 2318 “

176 2395 255 2472 quod
275 2415 333 2455 non
351 2394 436 2454 datur
455 2393 553 2471 isnpiis
564 2403 584 2463 ¹,
595 2387 646 2450 sed
669 2393 710 2448 eis
731 2391 782 2468 qui
801 2403 830 2450 te
844 2393 931 2468 gratis

176 2486 289 2552 colunt,
304 2506 430 2563 quorum
443 2483 582 2561 gaudium
597 2496 628 2541 tu
641 2484 702 2560 ipse
714 2501 753 2540 es.
767 2486 802 2538 Et
814 2483 877 2559 ipsa
892 2495 933 2539 est

175 2574 261 2634 beata
279 2577 339 2638 vita
361 2575 487 2653 gaudere
511 2575 547 2634 ad
567 2588 611 2648 te,
626 2574 663 2631 de
681 2586 725 2644 te,
744 2586 865 2651 propter
887 2586 930 2644 te,

177 2664 240 2740 ipsa
259 2678 318 2738 est,
340 2679 368 2724 et
384 2685 442 2722 non
463 2678 505 2724 est
524 2667 621 2724 altera.
648 2665 715 2740 Qui.
730 2675 825 2720 autom
845 2664 930 2720 aliam

166 2765 280 2829 putant
299 2775 377 2828 esse,
395 2753 474 2816 aliud
496 2768 641 2816 sectantur
661 2753 816 2832 gandium,
838 2773 930 2830 neque

177 2843 273 2920 ipsum
286 2865 397 2905 verum.
411 2846 457 2904 Ab
473 2848 568 2924 aliqua
587 2859 682 2904 tamen
696 2844 818 2921 imagine
832 2843 930 2924 gaudii

178 2933 310 2994 voluntas
326 2955 427 2995 eorum
440 2957 499 2996 non
512 2937 662 2996 avertitur.

212 3100 225 3151 ,¹
237 3090 293 3140 Isai.
304 3106 396 3150 nunu,
411 3089 452 3139 ²2.
