2384 4052
348 401 603 509 contessionem
619 433 713 482 tinen
731 435 764 480 x.
886 437 934 486 329

170 555 257 606 ηοω,
280 545 459 605 ceetomut
477 535 725 612 quemadmodum
747 555 764 593 a
783 547 829 592 me
851 535 936 614 longe

173 637 224 684 est
235 625 291 686 isto
309 621 475 698 consensio,
494 627 535 684 ita
552 626 723 703 sitsemper
743 627 828 702 longe
849 638 935 704 atque

171 716 302 794 longius·
317 719 375 774 Pro
390 717 487 774 'salute
511 729 608 775 autem
632 715 803 794 cujusquam
823 737 889 775 curn
908 731 935 777 te

176 826 265 884 rogo,
287 805 362 864 elius
381 807 505 866 multum
527 806 665 866 differens
684 807 750 864 iinis
772 798 816 864 est
838 807 936 866 inteu-

178 897 265 954 tionis
286 915 379 966 meae3
405 909 435 958 et
459 909 490 954 te
514 897 668 962 facientem
693 895 772 974 quod
788 897 856 978 uis,
884 898 934 958 dus

177 985 265 1056 mihi,
280 997 309 1044 et
321 984 406 1050 dabis
421 985 549 1050 libenter
561 987 662 1064 sequi·

173 1111 176 1118 .
213 1075 475 1136 &meramnum
486 1076 519 1140 in
529 1076 728 1154 quammultis
738 1076 934 1140 minutissimis

176 1176 207 1222 et
226 1157 496 1242 contemptibilibus
517 1165 605 1227 rebus
628 1165 779 1226 curiositas
804 1169 934 1244 quotidie

176 1269 276 1313 nostra
292 1256 454 1326 tentatur*,
471 1269 500 1314 et
514 1276 601 1334 quam
619 1277 695 1334 saepe
708 1255 853 1329 labamur,
868 1260 933 1335 quis

118 1409 120 1412 ,
176 1349 347 1406 enumerati
373 1348 498 1422 Quoties-
522 1359 673 1406 narrantes
701 1347 812 1419 inania,
837 1349 933 1425 primo

175 1438 259 1519 (quasi
283 1436 439 1495 toleramus
459 1457 497 1495 ne
516 1438 698 1496 offendamus
721 1437 860 1507 infirmos,
880 1437 933 1495 de-

175 1527 244 1584 inde
273 1528 412 1604 paulatim
436 1526 567 1585 *libenter
597 1527 799 1586 advertimus?
826 1531 931 1586 Cenem

176 1629 341 1676 currentem
356 1627 423 1694 post
439 1617 570 1692 leporem
587 1615 648 1691 jam
664 1615 723 1671 noti
739 1627 848 1691 specto,
865 1635 931 1674 cunt

174 1707 206 1766 in
225 1707 302 1766 circo
322 1707 354 1764 fit
369 1728 375 1762 :
392 1718 422 1766 ut
439 1724 510 1764 vero
530 1705 560 1762 in
583 1723 670 1782 agro,
692 1705 719 1761 si
742 1724 811 1762 casu
835 1718 930 1764 trans-

176 1817 257 1872 eam,
274 1797 380 1856 avertit
398 1816 444 1874 me
463 1795 592 1853 fortassis
608 1807 642 1863 et
659 1793 695 1852 ab
715 1795 812 1872 aliquo
828 1815 932 1876 magna

170 1889 360 1968 cogitatione,
376 1900 464 1964 atque
476 1887 515 1944 od
534 1907 565 1944 se
578 1886 721 1944 convertit
735 1885 784 1942 itta
799 1888 928 1958 venati03

174 1993 233 2038 non
252 1965 369 2044 deviare
385 1997 490 2056 cogens
507 1997 630 2056 corpore
646 1975 782 2053 jumenti,
796 1977 846 2034 sed
865 1998 931 2036 cor-

175 2065 219 2126 dis
235 2067 431 2126 inclinatione.
449 2059 485 2123 Et
503 2067 557 2124 nisi
572 2065 633 2144 jum
647 2065 718 2122 mihi
735 2063 930 2126 demonstrate

173 2143 340 2227 infirmitate
363 2148 441 2232 mea,
463 2157 520 2214 cito
542 2156 712 2226 admoneas,
736 2168 784 2213 aut
808 2177 845 2214 ex
867 2159 930 2235 ipsa

174 2248 283 2318 ,visione
296 2267 350 2326 per
370 2248 497 2324 aliquam
515 2245 776 2308 considerationem
793 2246 823 2303 in
841 2260 868 2304 te
887 2269 931 2307 es·

173 2358 290 2415 surgere
298 2373 314 2410 ,-
330 2350 379 2395 aut
398 2350 492 2396 totum
517 2350 703 2398 contemnere
725 2349 812 2414 atque
834 2350 929 2397 trans-

173 2428 232 2504 ire,
250 2448 340 2486 vanus
361 2426 497 2486 hebesco.
521 2427 598 2503 Quid
622 2448 688 2488 cum
713 2447 760 2485 me
780 2427 859 2485 domi
883 2449 929 2487 sc-

175 2517 290 2575 dentem
321 2517 415 2576 stellio
442 2539 554 2576 muscas
582 2531 732 2596 captans,
748 2519 793 2574 vel
824 2538 929 2577 aranea

174 2604 285 2662 retibus
308 2605 367 2661 suis
387 2605 531 2663 irruentes
551 2609 720 2684 implicans,
744 2624 819 2681 saepe
840 2607 929 2664 inten-

175 2706 238 2752 tum
263 2695 351 2752 facit?
379 2699 455 2752 Num
481 2697 550 2770 quia
574 2715 666 2773 parva
688 2705 755 2751 sunt
780 2695 928 2766 animalia,

175 2783 243 2841 ideo
262 2804 320 2842 non
342 2804 387 2842 res
410 2783 510 2842 endem
534 2785 664 2866 geritur?
683 2787 780 2864 Pergo
798 2781 866 2840 inde
891 2785 928 2842 ud

175 2874 353 2932 laudandum
372 2887 411 2945 te,
425 2885 585 2932 creatorem
602 2869 756 2929 mirificum
779 2883 865 2948 atque
884 2895 929 2932 or-

175 2964 336 3022 dinatorem
346 2949 449 3022 ¹rerum
463 2963 603 3034 omnium,
615 2960 666 3020 scd
680 2981 738 3020 nou
753 2961 820 3019 inde
837 2962 928 3022 inten-

176 3066 222 3114 tus
241 3073 302 3113 esse
321 3054 437 3131 incipio.
457 3053 547 3112 Aliud
565 3065 608 3111 est
626 3053 685 3110 cito
702 3071 830 3130 surgere,
848 3054 928 3112 aliud

175 3156 295 3203 estnon
313 3143 425 3202 cadere.
440 3149 476 3202 Et
494 3144 599 3203 talibus
614 3143 673 3202 vita
687 3163 750 3215 mea
770 3144 856 3220 plena
876 3157 927 3215 est,

786 3250 818 3294 28
