2384 4052
247 425 298 469 296
434 423 459 470 S.
478 423 658 476 tuousruu
675 427 818 477 Entscort

246 522 391 580 Nimirum
402 543 471 602 ergo
481 527 621 584 memoria
633 529 715 603 quasi
730 541 832 586 venter
846 541 889 586 est
904 531 1003 602 animi,

247 611 347 670 laetitia
358 633 429 671 vero
445 627 533 692 atque
550 618 667 676 tristitia
680 619 762 695 quasi
777 618 860 676 cibus
872 620 964 679 dulcis
975 634 1004 679 et

248 722 362 762 amarus
385 725 392 760 :
412 726 479 764 cum
499 709 646 768 memoriae
664 709 905 768 commendantur
920 712 1004 787 quasi

248 792 369 870 trajecta
393 794 420 852 iu
438 810 572 878 ventrem
586 799 707 857 recondi
729 799 789 856 illic
804 810 939 876 possunt,
955 819 1002 857 sa-

248 904 318 961 pere
334 906 393 943 non
407 902 537 965 possunt.
551 889 720 949 Ridiculum
733 903 775 948 est
784 890 845 948 haec
857 890 913 949 illis
928 891 1005 948 sirni-

248 973 286 1030 lia
300 987 419 1051 putare,
434 997 488 1035 nec
504 991 600 1035 tamen
615 990 682 1037 sunt
700 979 867 1038 omnimodo
883 979 1005 1038 dissimi-

249 1063 296 1121 lia.
665 1064 667 1067 ’

289 1153 336 1212 22.
351 1157 408 1214 Sed
421 1177 489 1216 ecce
504 1157 540 1214 de
552 1160 693 1218 memoria
704 1161 839 1237 profero,
852 1179 919 1218 cum
938 1160 1005 1218 dico

249 1259 375 1322 quatuor
395 1267 456 1306 esse
479 1250 714 1326 perturbationes
733 1251 835 1323 animi3
858 1251 1005 1329 cupidita-

250 1349 325 1406 tem,
341 1337 485 1410 laetitiam,
500 1353 626 1411 metum,
640 1340 804 1398 tristitiamr
819 1353 848 1398 et
861 1341 1005 1418 quidquid

251 1422 287 1480 de
311 1425 356 1483 his
380 1425 528 1504 disputare
551 1442 692 1505 potuero,
713 1428 872 1488 dividendo
894 1428 1005 1504 singula

250 1535 304 1592 per
319 1517 428 1593 species
444 1519 489 1576 sui
500 1519 641 1598 cujusque
656 1520 769 1597 generis
782 1532 812 1578 et
827 1519 1004 1592 definiend03

249 1604 292 1662 ibi
311 1607 430 1665 invenio
445 1609 516 1685 quid
540 1610 651 1681 dicam,
668 1622 755 1686 atque
776 1609 844 1667 inde
861 1609 1004 1686 profero:

251 1714 304 1753 nec
316 1707 413 1755 tamen
423 1699 483 1754 ulla
496 1717 596 1756 earum
607 1698 826 1776 perturbatione
837 1696 1006 1776 perturbor,

182 1808 184 1812 ’
252 1804 318 1842 cum
337 1806 385 1843 eas
403 1787 614 1844 reminiscendo
637 1805 846 1858 commemoro,
872 1799 900 1844 et
921 1799 1005 1844 ante-

252 1893 339 1949 quam
354 1877 552 1934 recolerentur
566 1898 583 1934 a
596 1897 643 1934 me
658 1889 688 1934 et
707 1887 946 1948 retractarentur,
955 1871 1005 1935 'ihi

252 1976 346 2034 erant3
368 1979 524 2042 propterea
546 1965 613 2022 inde
632 1985 686 2044 per
704 1965 933 2024 recordationem
954 1985 1005 2043 po-

253 2066 335 2112 tuere
348 2053 489 2132 depromi.
504 2060 591 2112 Forte
606 2075 676 2132 ergo
684 2099 692 2128 ‚
709 2057 785 2114 sicut
798 2055 834 2113 de
846 2067 947 2112 ventre
961 2056 1005 2114 ci-

251 2139 307 2200 bus
317 2143 498 2215 ruminando,
511 2146 553 2202 sic
562 2145 617 2202 ista
628 2144 664 2202 de
675 2144 814 2204 memoria
822 2143 1005 2203 recordando

251 2234 450 2309 proferuntur.
464 2237 522 2290 Cur
536 2234 625 2310 igitur
643 2235 673 2291 in
687 2255 739 2293 ore
751 2234 931 2312 cogitationis
946 2253 1005 2291 nou

252 2321 405 2378 sentitura
426 2321 606 2398 disputante,
622 2323 679 2382 boc
695 2336 739 2382 est
757 2343 773 2382 a
789 2323 1005 2395 reminiscente,

251 2410 357 2468 laetitiae
371 2411 497 2470 dulcedo
506 2415 557 2470 vel·
567 2414 731 2472 amaritudo
746 2413 907 2473 moestitias?
917 2419 963 2472 Au
973 2416 1005 2472 in

252 2500 309 2558 hoc
321 2501 460 2561 dissimile
469 2516 522 2574 est,
535 2504 614 2581 quod
629 2525 687 2563 non
701 2506 831 2582 undique
841 2505 933 2564 simile
944 2508 1004 2563 est?

253 2593 324 2665 Quis
340 2594 417 2652 enim
432 2594 499 2652 talia
519 2597 620 2653 volens
638 2598 822 2673 loqueretur,
845 2597 868 2654 si
891 2595 1006 2671 quoties

252 2682 396 2741 tristitiam
410 2697 556 2743 metumve
573 2687 768 2755 nominamus,
782 2685 866 2744 toties
883 2705 1005 2744 moerere
1084 2709 1089 2718 ·

251 2772 298 2830 vel
310 2772 412 2832 timere
423 2779 614 2852 cogeremur?
625 2781 661 2834 Et
676 2788 771 2833 tamen
784 2794 844 2832 nou
859 2794 893 2834 ea
908 2776 1007 2852 loque·

251 2880 366 2934 remur,
380 2865 434 2922 nisi
452 2868 482 2923 in
495 2867 636 2946 memoria
647 2873 746 2923 nostra
756 2883 816 2922 non
833 2876 945 2924 tantum
959 2885 1007 2922 so-

252 2972 304 3010 nos
326 2956 477 3030 nominum
502 2959 661 3016 secundum
690 2957 827 3034 imagines
854 2955 1007 3034 impressas

252 3036 383 3103 sensibus
398 3047 566 3124 corporis*;
586 3047 637 3105 sed
655 3047 742 3126 etiam
763 3065 862 3105 rerum
877 3047 1006 3124 ipsarum

252 3132 382 3194 notiones
400 3137 596 3195 inveniremus
602 3156 700 3213 ‚quas
717 3137 797 3196 nulla
806 3135 897 3213 janua
911 3135 1006 3197 carnis
