2352 4094
327 468 579 520 CONFFSSIONUM
596 469 692 518 LIBER
710 470 769 518 111.
878 473 925 522 ill

170 565 281 628 bonum
301 589 308 626 :
329 582 388 628 non
416 581 513 628 autem
532 587 773 627 commemorasse
796 568 928 648 Scriptuss

170 679 243 733 rem,
256 660 337 738 quod
348 660 425 720 hano
436 659 644 719 informitatem
658 660 760 718 fecerit
771 664 861 733 Deus,
876 662 930 720 sic·
982 705 984 710 -

170 761 204 807 ut
218 750 273 808 alia
287 750 379 808 multe
390 770 451 808 non
465 749 716 820 commemorent,-
728 762 762 808 ut
771 749 931 812 Cherubim

170 849 201 896 et
217 839 369 916 Seraphim
385 849 407 911 ¹,
421 851 451 898 et
471 857 536 916 quae
552 839 710 916 Apostolus
727 839 932 914 distincte'eit,

172 929 268 999 Sedes,
285 935 511 1003 Dominatt‘ones,
531 933 727 1006 Ρνὶηιίρατιιε,
739 933 899 990 Potestates
910 943 935 1007 ²,„

172 1039 237 1098 quae
259 1031 357 1082 ,tamen
378 1022 475 1081 omnia
499 1025 596 1081 Deum
619 1021 720 1084 fecisse
745 1022 930 1082 menifestum

171 1123 224 1170 est.
243 1114 301 1170 Aut
313 1114 335 1172 si
348 1113 378 1170 in
390 1133 426 1172 eo
440 1113 521 1191 quod
539 1113 649 1175 dictum
665 1125 723 1185 est,
733 1111 930 1190 secitroelum

171 1215 200 1260 et
217 1213 331 1276 tenum,
353 1203 564 1281 comprehensa
584 1215 653 1262 sunt
672 1195 869 1282 omnioquid
892 1206 929 1264 de

171 1293 253 1369 equis
271 1291 409 1366 dicimus,
428 1312 517 1370 super
539 1311 611 1371 quas
636 1292 786 1354 ferebatur
806 1295 930 1374 Spiritus
1002 1332 1011 1349 .

123 1422 125 1426 ,
172 1381 245 1440 Dei?
254 1383 284 1442 Si
296 1384 386 1455 enim,
403 1393 480 1442 terro
491 1384 655 1455 nominate,
668 1384 754 1442 simul
762 1385 931 1465 intelligun-

173 1485 234 1546 tur3
248 1474 397 1552 quomodo
413 1473 473 1553 Jam
492 1487 575 1534 terrae
592 1473 710 1542 nomine
729 1469 863 1534 inateries
883 1478 931 1537 in-

172 1563 273 1624 formis
291 1565 451 1643 accipitur,
464 1565 582 1642 quando
601 1577 659 1622 tam
674 1565 821 1642 speciosas
840 1585 930 1645 aquas

172 1654 327 1715 videmus?
344 1661 403 1715 Aut
422 1655 447 1740 si
468 1655 509 1720 itt
530 1655 687 1734 accipitur;
703 1675 757 1714 cur
770 1675 807 1714 ex
828 1657 930 1718 eaden

171 1745 351 1804 informitate
368 1744 509 1825 scriptum
524 1756 579 1815 est,
594 1744 704 1802 factum
717 1744 931 1807 firmamentum

173 1848 203 1895 et
219 1849 355 1904 vocatum
376 1837 498 1907 coelum,
513 1853 611 1912 oeque
623 1833 763 1912 scriptum
780 1847 824 1894 est
842 1837 932 1898 factas

173 1947 236 1987 esse
250 1930 360 2005 aquas?
373 1931 438 1986 Non
452 1927 528 1986 enim
543 1925 644 1984 adhuc·
655 1925 802 2000 informes¹
815 1941 883 1987 sunt
903 1941 937 1988 et‘

172 2017 286 2091 invisae,
304 2037 376 2096 quas
385 2017 427 2076 ite
440 2016 548 2076 decora
559 2014 655 2094 specie
669 2015 761 2074 fluere
777 2017 931 2078 cernimus.

173 2110 233 2166 Aut
243 2108 268 2166 si
282 2119 354 2180 tunc
366 2118 542 2185 acceperunt
556 2106 642 2177 istem
658 2105 784 2183 speciem
803 2127 871 2166 cum
882 2108 930 2168 ‹li-

173 2196 218 2258 xit
230 2202 324 2271 Deus,
337 2199 526 2274 Congregetur,
534 2217 614 2274 aquo
627 2216 694 2273 quoe
702 2210 751 2254 ost
763 2197 813 2255 sub
820 2199 930 2273 firma-

174 2303 265 2348 mento
275 2286 298 2362 ³,
315 2302 349 2349 ut
364 2288 548 2368 eongregatio
566 2288 603 2346 sit
616 2286 680 2364 ipsa
693 2287 843 2361 formatio;
860 2290 932 2367 quid

173 2378 399 2459 respondebitur
407 2378 537 2456 deaquis
546 2397 612 2457 quae
621 2377 933 2456 superfirmamentum

173 2468 343 2546 sontiquia
365 2485 461 2545 neque
484 2467 624 2526 informes
647 2479 708 2524 tatn
731 2467 933 2526 honorabilem

174 2557 274 2617 sedem
291 2557 423 2634 accipere
444 2557 631 2628 meruissent,
653 2576 707 2615 nec
729 2557 871 2632 seriptum
891 2569 934 2620 est

175 2669 233 2726 qua
246 2667 320 2718 voce
331 2647 461 2705 formatis
472 2647 538 2705 sint.
549 2647 635 2706 Unde
644 2644 799 2722 ‘sialiquid
813 2647 934 2706 Genesis

176 2737 266 2796 tenuit
280 2742 376 2796 Deum
392 2735 507 2808 fecisse,
518 2735 598 2820 quod
613 2747 709 2793 temen
722 2738 819 2794 Deum
831 2735 933 2816 fecisse
1023 2773 1026 2781 ·

92 2859 94 2866 ,
175 2845 230 2885 neo
243 2847 313 2886 sana
327 2821 419 2902 fides,
432 2835 484 2884 nec
500 2837 598 2902 certus
616 2822 954 2905 ambigitintelleetuso,
1030 2853 1062 2897 ῃ·

176 2936 230 2978 nec
247 2917 314 2978 ideo
339 2920 403 2980 ulli'
422 2914 522 2994 sobria
544 2907 676 3010 doctiina
696 2915 794 2977 'dicere
812 2903 952 2986 audebis

212 3097 542 3181 ¹1tii.v1.2;etmm,
563 3122 605 3170 to.
622 3126 682 3156 -‘¹
700 3117 791 3170 notos.
806 3135 828 3180 1,
844 3122 883 3170 1⁶.
897 3146 931 3160 ·-

99 3257 102 3262 ,
160 3197 264 3260 ,³ften.
277 3207 337 3262 ι,9.
