2352 4094
265 444 317 493 tlt
453 447 478 493 S.
495 445 678 495 tuousrtttl
694 446 839 498 Ertscort

265 550 436 627 sapientiam
454 561 594 626 praestans
615 550 745 627 parvulis
760 559 779 606 ¹.
801 549 927 620 Perfice,
947 555 1035 612 Deus

265 661 361 711 meuS,
376 639 493 699 laudem
504 653 584 705 tuam
595 660 633 698 ex
644 661 695 698 ore
710 640 864 699 infantium
879 652 909 698 et
919 641 1036 700 lacten-

266 731 347 788 tium.
379 735 480 809 Neque
505 731 580 788 enim
611 732 746 792 novimus
774 731 846 790 alios
873 729 968 789 libros
991 733 1036 790 ita

266 820 445 880 destruentes
464 821 645 900 superbiam,
668 823 709 880 ita
727 821 910 880 destruentes
929 823 1035 882 inimi-

266 932 332 970 cum
356 926 385 970 et
401 913 584 972 defensorem
597 921 625 984 ²,
650 913 833 972 resistentem
853 914 1035 974 reconcilia-

267 1002 340 1060 tioni
361 1016 417 1062 tuae
436 1003 620 1061 defendendo
637 1015 758 1081 peecata
773 1023 836 1062 suae
853 1007 918 1064 Non
938 1007 1033 1078 novi,

265 1096 403 1167 Domine,
421 1116 480 1154 non
493 1097 562 1156 novi
576 1097 633 1154 alia
647 1108 706 1154 tam
719 1109 798 1156 casta
811 1094 944 1172 eloquia,
959 1116 1034 1172 quae

265 1186 306 1243 sic
324 1186 396 1244 mihi
417 1187 627 1264 persuaderent
645 1187 855 1245 confessionem
865 1228 873 1257 ‚
898 1196 929 1242 et
950 1186 1033 1244 leni-

265 1287 330 1332 rent
350 1276 493 1336 cervicem
514 1296 608 1334 meam
628 1274 701 1354 jugo
723 1289 789 1349 tuo,
818 1287 848 1333 et
869 1275 1034 1335 invitarent

265 1366 362 1424 colere
377 1379 405 1424 te
420 1367 515 1446 gratis
534 1365 699 1444 Intelligam
713 1386 760 1437 ea,
779 1371 864 1424 Pater
875 1363 972 1436 bone3
991 1366 1034 1426 da

266 1456 337 1514 mihi
355 1457 417 1518 haec
431 1457 647 1536 subterposito,
665 1457 734 1535 quia
751 1455 956 1534 subterpositis
974 1477 1032 1516 so-

266 1547 362 1608 lidasti
381 1569 424 1608 ea.
591 1550 598 1556 ”

309 1638 354 1696 18.
370 1645 442 1701 Sunt
453 1640 515 1699 aliae
529 1661 616 1716 aquoe
627 1659 714 1715 super
730 1638 788 1696 hoc
795 1639 1029 1711 firmamentum,

266 1729 373 1802 credo,
397 1732 593 1804 immortales,
617 1742 647 1787 et
664 1749 681 1787 a
701 1742 817 1786 terrena
837 1730 1030 1806 corruptione

163 1839 165 1848 ‘
265 1833 393 1878 secretae.
407 1821 564 1892 fraudent
586 1839 693 1878 nomeu
718 1832 821 1889 tuum,
852 1818 974 1878 laudent
993 1833 1030 1878 te

265 1913 485 1988 supercoelestes
501 1913 605 1990 populi
618 1911 796 1988 Angelorum
816 1923 949 1982 tuorum,
974 1914 1030 1988 qui

265 2020 323 2058 non
336 2021 411 2080 opus
424 2002 535 2062 habent
548 2002 695 2079 suspicere
704 2001 717 2028 *
730 2001 943 2060 firmamentum
959 2001 1030 2076 hoc,

242 2153 245 2162 Δ
265 2102 294 2146 et
314 2091 633 2170 legendoncoguoscqre
653 2089 779 2146 verbum
802 2103 894 2148 tuum.
919 2089 1031 2150 Vident

264 2181 340 2239 enim
356 2182 459 2240 faciem
476 2194 557 2239 tuam
574 2199 689 2259 semper
700 2179 721 2252 3,
741 2177 773 2236 et¹
789 2177 832 2237 ibi
846 2182 946 2258 legunt
964 2179 1030 2257 sine

263 2272 382 2347 syllabis
397 2285 577 2351 temporum,
587 2271 663 2348 quid
679 2271 752 2329 velit
769 2282 876 2328 aeterna
889 2271 1030 2332 voluntas

264 2375 322 2420 tua.
349 2367 477 2440 Legunt,
499 2363 610 2438 eligunt
629 2375 659 2420 et
678 2361 820 2438 diligunt3
847 2381 962 2440 sem-per
981 2364 1030 2420 le-

263 2465 348 2530 gunt,
370 2465 399 2510 et
413 2473 561 2531 nunquam
580 2453 711 2532 praeterit
735 2453 815 2531 quod
829 2453 938 2531 legunt.
963 2455 1030 2512 Eli-

262 2543 358 2620 gendo
374 2545 451 2602 enim
470 2557 500 2603 et
519 2544 666 2622 diligendo
684 2544 784 2620 legunt
802 2544 896 2620 ipsam
912 2543 1029 2602 incont-

253 2634 484 2697 mutabilitatem
509 2634 622 2698 consilii
645 2635 698 2692 tui.
727 2641 792 2699 Non
810 2634 956 2693 clauditur
971 2655 1027 2692 co-

262 2725 319 2783 dex
341 2745 459 2800 corum,
484 2746 538 2784 nec
561 2726 687 2804 plicatur
710 2722 785 2782 liber
806 2720 1026 2802 eorttm5'quia

262 2817 376 2895 tuipse
396 2817 454 2876 illis
474 2818 531 2876 hoc
552 2837 597 2889 es,
623 2829 652 2875 et
673 2837 703 2876 es
725 2813 756 2874 in
776 2828 915 2876 aeternum
930 2839 937 2872 ε
952 2819 1026 2894 quia

262 2927 351 2984 super
368 2908 424 2966 hoc
441 2909 656 2966 firmamentum
672 2905 814 2964 ordinasti
833 2925 898 2978 eos,
918 2907 1023 2986 quod*
1053 2937 1057 2944 ·

298 3108 382 3158 ¹Psal.
397 3125 471 3170 xutr,
490 3115 514 3160 8.
531 3138 565 3148 -
585 3119 596 3144 ²
617 3109 677 3160 Psal.
696 3107 755 3168 uu,
770 3111 800 3166 4,
814 3111 837 3157 3.
849 3135 884 3144 -
903 3103 914 3140 3
930 3104 1021 3158 Matth.

259 3204 332 3248 tvm,
349 3193 387 3238 10.
