2384 4052
292 469 343 516 304
478 465 503 514 8.
517 463 698 513 AUGUSTINI
715 461 858 513 nalscorl
908 505 909 512 ,

290 584 399 644 quaero.
420 569 554 640 Quaeram
573 577 601 621 te
614 577 647 621 ut
659 564 740 622 vivat
758 563 852 620 anima
873 581 946 620 mea.
967 563 1047 623 Vivit

290 658 365 714 enirn
388 673 493 733 corpus
518 673 615 712 meum
644 653 680 710 de
707 651 801 710 aniana
821 672 902 725 mea,
924 665 952 710 et
973 655 1047 712 vivit

290 748 386 806 anima
398 765 463 804 mea
476 745 513 804 de
528 757 564 803 te.
583 742 736 819 Quomodo
756 745 825 818 ergo
838 762 939 819 quaero
955 743 1046 804 vitam

291 834 422 908 beatam,
436 836 505 913 quia
523 853 581 891 non
602 846 645 892 est
664 832 736 890 mihi
757 831 849 889 donec
870 832 983 904 dicam,
997 837 1046 892 Sat

292 939 349 997 est,
364 926 423 983 illio
437 924 489 983 ubi
510 937 625 1002 oportet
640 935 673 980 ut
686 922 801 980 dicam?
815 921 962 998 quomodo
980 941 1044 980 eam

290 1018 410 1092 quaero?
428 1020 532 1075 Utrum
553 1035 606 1093 per
632 1013 880 1086 recordationem,
908 1026 1044 1090 tanquam

291 1125 354 1163 eam
378 1105 485 1163 obiitus
506 1107 575 1177 sim,
596 1105 778 1181 oblitumque
799 1123 846 1160 me
859 1115 928 1161 'esse
948 1103 1045 1161 adhuc

291 1207 402 1254 teneam
409 1216 419 1266 ;
431 1215 468 1252 an
481 1215 535 1273 per
547 1195 706 1273 appetitum
719 1192 848 1251 discendi
860 1193 1044 1270 incognitam,

229 1289 240 1305 “
291 1285 353 1342 sive
372 1305 460 1362 qnam
481 1304 631 1361 nunquam
655 1283 787 1354 scierim,
808 1284 869 1340 sive
891 1303 979 1360 quam
1003 1286 1045 1341 sic

291 1373 398 1431 oblinis
412 1374 516 1432 fuerim
537 1386 569 1430 ut
582 1393 629 1432 me
649 1393 702 1431 nec
716 1372 839 1430 oblitum
860 1393 921 1432 esse
941 1374 1046 1432 memi-

291 1463 403 1521 nerim?
416 1467 516 1520 Nonne
534 1463 597 1540 ipsa
611 1475 654 1520 est
667 1460 753 1518 beata
770 1463 830 1519 vita
843 1481 930 1538 quam
945 1481 1044 1520 ornnes

291 1553 408 1623 volunt,
421 1565 450 1611 et
464 1553 581 1610 omnino
595 1553 646 1628 qui
659 1553 731 1610 nolit
745 1571 829 1610 nemo
845 1554 906 1609 est?
919 1550 978 1609 Ubi
991 1571 1045 1609 no-

289 1656 490 1714 varumnam,
511 1643 592 1720 qnod
612 1643 653 1700 sio
672 1644 774 1701 volunt
793 1645 876 1700 eam?
889 1641 948 1700 Ubi
962 1643 1044 1700 vide-

289 1746 372 1805 runt,
385 1745 418 1791 nt
431 1745 561 1791 amarent
571 1734 656 1791 eam?
668 1734 809 1790 Nimirum
826 1731 967 1791 habemus
980 1753 1043 1791 eam

289 1825 386 1882 nescio
405 1824 563 1900 quomodo.
577 1828 613 1880 Et
632 1835 676 1880 est
695 1824 768 1881 alius
790 1823 908 1900 quidam
923 1824 1044 1896 modus,

290 1935 349 1991 quo
363 1916 486 1992 quisque
499 1935 565 1973 cum
584 1913 673 1972 habet
688 1934 766 1984 eam,
782 1928 849 1971 tunc
869 1913 970 1974 beatus
984 1929 1043 1986 est3

290 2017 318 2061 et
331 2017 397 2061 sunt
416 2005 467 2081 qui
486 2025 537 2082 spe
556 2003 634 2062 beati
648 2017 722 2061 sunt.
736 2004 876 2064 Inferiore
894 2004 981 2062 modo
995 2005 1042 2063 isti

289 2093 397 2152 habent
415 2113 495 2165 eam,
511 2095 600 2170 quam'
621 2094 663 2150 illi
681 2095 732 2170 qui
749 2093 818 2170 jam
831 2114 862 2152 re
882 2095 945 2171 ipsa
965 2093 1042 2152 beati

289 2197 370 2255 sunt;
384 2183 434 2241 sed
452 2197 547 2241 tamen
565 2184 699 2242 meliores
717 2203 804 2260 quam
819 2184 861 2241 illi
875 2184 925 2260 qui
939 2205 992 2242 nec
1009 2204 1042 2242 re

289 2293 342 2331 nec
362 2293 413 2351 spe
431 2272 509 2330 beati
530 2285 605 2330 sunt.
624 2274 681 2347 Qui
697 2286 793 2332 tamen
813 2275 898 2332 etiam
918 2275 974 2353 ipsi
987 2275 1042 2332 nisi

289 2362 386 2438 aliquo
414 2361 502 2419 modo
525 2360 665 2420 haberent
692 2383 772 2436 eam,
792 2384 850 2422 non
868 2366 908 2422 ita
934 2365 1042 2424 vellent

289 2451 367 2510 beati
379 2471 455 2522 esse,
470 2452 550 2530 quod
562 2473 610 2511 eos
626 2455 700 2513 velle
714 2457 904 2514 certissimum
919 2453 1040 2538 est.'Ne;

288 2542 348 2601 scio
367 2543 514 2620 quomodo
533 2557 676 2603 noverunt
696 2565 775 2616 eam,
788 2545 913 2624 ideoque
934 2545 1042 2604 habent

288 2652 351 2691 eam
363 2633 393 2691 in
406 2634 503 2692 nescio
512 2652 570 2710 qua
578 2635 695 2705 notitia,
710 2633 747 2692 de
758 2654 817 2710 qua
830 2647 929 2712 satago
941 2647 1040 2693 utrum

288 2725 318 2780 in
337 2725 476 2783 memoria
490 2725 525 2782 sit
541 2746 547 2780 :
562 2725 631 2802 quia
644 2726 668 2782 si
680 2723 722 2782 ibi
738 2737 780 2783 est
788 2767 796 2796 ‚
808 2724 869 2801 jam
881 2724 959 2783 beati
980 2725 1039 2784 fui-

289 2832 351 2870 mus
364 2813 532 2890 aliquando;
546 2829 644 2873 utrum
658 2811 821 2890 singillatim
836 2834 951 2887 omnes,
962 2835 998 2872 an
1010 2815 1040 2872 in

288 2903 338 2959 illo
358 2902 476 2962 homine
502 2907 553 2982 qui
580 2895 690 2983 primus
714 2905 861 2982 peccavit,
883 2907 913 2962 in
933 2926 993 2983 quo
1012 2919 1041 2964 et

288 3012 387 3051 ornnes
404 2997 513 3053 mortui
534 3015 649 3067 sumus,
670 3009 699 3052 et
719 2994 833 3072 dequo
852 3016 951 3056 omnes
974 3017 1039 3054 curn

287 3081 403 3140 miseria
428 3083 487 3140 nati
516 3104 632 3156 snmus,
658 3104 715 3142 non
747 3105 846 3162 quaero
869 3105 963 3156 nuno;
989 3087 1039 3143 sed

287 3191 386 3248 quaero
409 3185 506 3231 utrum
522 3176 551 3232 in
575 3177 713 3233 memoria
735 3177 770 3232 sit
794 3175 879 3233 beata
900 3178 965 3233 vita.
982 3181 1040 3232 Ne-
