2356 4018
274 524 323 569 190
456 521 481 568 S.
499 519 682 568 AUGUSTINI
700 481 853 568 ΕΡΙδΒΟΗΙ

269 621 367 680 omnia
388 632 534 699 tempora,
555 634 585 682 et
604 641 695 700 supra
713 621 811 680 omnia
825 631 962 700 tempora
979 623 1026 682 in-

270 709 514 770 commutabiliter·
538 723 636 769 manet
659 710 824 788 unigenitus
844 704 934 770 Filius
958 725 1026 776 tuus

270 801 428 861 coaeternus
442 799 509 874 tibi,
528 808 558 858 et
571 801 641 878 quia
655 797 692 861 de
709 799 890 879 plenitudine
904 800 967 878 ejus
981 816 1027 861 ac·

270 893 381 970 cipiunt
394 892 496 962 animae
514 901 546 950 nt
560 889 654 950 beatae
672 890 729 950 sint
738 901 760 962 ¹,
781 899 810 950 et
822 891 892 968 quia
904 892 1027 969 pactici-

268 985 386 1060 patione
409 981 550 1056 manentis
577 982 607 1040 in
629 1001 659 1040 se
680 981 827 1061 sapientiae
848 996 1028 1042 renovantur

268 1086 302 1131 ut
315 1074 459 1151 sapientes
475 1073 545 1145 sint;
564 1083 608 1130 est
625 1070 677 1131 ibi.
695 1071 782 1146 Quod
802 1083 900 1130 antem
920 1091 1026 1132 secun-

206 1175 211 1184 '
268 1163 339 1221 dnm
355 1176 469 1244 tempus
484 1179 540 1241 pro
551 1161 649 1240 impiis
664 1167 797 1220 mortuus
809 1171 852 1220 est
862 1170 891 1234 ²3
905 1153 940 1220 ¹et
950 1163 1025 1222 Filio

268 1254 355 1311 unico
367 1266 418 1322 tuo
433 1270 494 1314 non
510 1252 682 1330 pepercisti,
699 1252 751 1312 sed
762 1270 818 1331 pno
831 1252 916 1312 nobis
929 1255 1025 1312 omni-

268 1343 323 1402 bus
344 1343 490 1402 tradidisti
503 1362 571 1401 eum
582 1343 611 1415 ³3
632 1362 691 1400 non
707 1355 751 1402 est
763 1342 815 1401 ibi.
839 1342 1026 1402 Abscondisti

267 1433 345 1491 enim
362 1433 425 1492 hec
445 1453 465 1491 a
481 1427 678 1512 sapientibus,
702 1445 731 1492 et
746 1433 882 1492 revelasti
903 1451 938 1490 ea
954 1453 1025 1510 par—

267 1525 356 1594 vulis;
371 1535 404 1594 nt
415 1524 549 1582 venirent
559 1521 598 1582 ad
606 1539 674 1582 enm
684 1523 849 1582 laborantes
860 1534 890 1580 et
898 1523 1023 1594 onerati,

267 1625 296 1670 at
308 1613 442 1672 reticeret
454 1629 503 1672 eos
518 1635 525 1672 ε
539 1613 680 1692 quoniam
697 1611 775 1674 mitis
792 1625 835 1672 est
855 1623 884 1670 es
902 1611 1021 1669 humilis

268 1703 365 1778 corde,
380 1713 408 1761 et
418 1703 517 1782 dirigit
530 1703 613 1762 mites
623 1703 655 1789 in
662 1702 791 1782 indicio,
805 1713 835 1760 et
846 1701 932 1760 <locet
943 1717 1022 1788 map-

243 1857 244 1860 ¹
266 1806 363 1861 suetos
379 1794 442 1852 vias
455 1811 540 1865 suas,·
556 1792 659 1854 videns
671 1793 865 1874 humilitatem
883 1803 1021 1861 nostram,

251 1891 295 1940 'et
310 1881 444 1942 laborem
455 1895 605 1956 nostrum,
626 1893 656 1942 et
669 1883 818 1940 dimittens
834 1881 932 1939 omnia
950 1894 1022 1958 pec-

266 1982 331 2028 cata
351 1971 482 2030 nostrai.
512 1972 572 2045 Qui
593 1980 693 2030 antem
714 1961 863 2028 cothurno
883 1981 1024 2046 tanquam

203 2085 205 2093 ·
265 2059 405 2118 doctrine
423 2059 600 2120 sublimioris
614 2061 685 2119 elati
703 2075 762 2118 non
780 2059 902 2118 audiunt
919 2059 1023 2118 dicenss

265 2163 340 2222 tem,
366 2153 475 2208 Discite
495 2171 514 2208 a
531 2158 663 2228 magatia
680 2153 758 2208 initis
776 2171 839 2208 tum
860 2164 889 2206 et
904 2150 1022 2207 humilis

264 2245 362 2315 corde,
378 2253 406 2298 et
418 2244 561 2300 ciconnietis
575 2248 701 2318 requiem
715 2240 866 2298 animabus
879 2249 980 2298 vestris
992 2240 1019 2297 ⁵:

262 2329 318 2387 atsi
331 2343 510 2406 cognoscunt
521 2335 631 2402 Dcunn
648 2339 708 2388 non
724 2333 800 2390 sicin
817 2332 913 2388 Dcttm
928 2331 1019 2408 gloti—

262 2418 351 2477 ficant
373 2433 424 2478 aut
445 2421 552 2498 gratias
574 2427 694 2498 agunt3'
714 2419 765 2478 sed
788 2431 965 2479 evanescunt
982 2421 1021 2478 ‘in

243 2528 245 2531 ¹
263 2507 488 2586 cogitationibus
500 2511 571 2583 snit,
586 2519 615 2568 et
627 2508 803 2582 obscuratos
815 2509 953 2587 insipiens
965 2527 1018 2567 cot·

261 2603 364 2658 eornm
372 2623 381 2673 ;
398 2599 528 2660 timentes
541 2615 573 2659 se
587 2618 649 2659 esse
663 2601 824 2678 sapientes,
840 2601 920 2670 stalti
935 2600 1015 2658 linat.

260 2699 262 2706 '
304 2689 349 2749 15.
371 2695 407 2750 Et
427 2691 494 2751 ideo
513 2685 646 2770 legebam
666 2691 708 2750 ibi
726 2691 813 2750 etiarn
834 2691 1016 2750 immutatam

261 2781 383 2858 gloriam
402 2783 630 2862 inconmpn'onis
654 2791 712 2840 tuae
732 2782 763 2838 ln
783 2779 863 2840 idola
880 2793 914 2840 ‘et
926 2783 1017 2840 'tatia

260 2870 428 2946 simulacra,
444 2873 476 2930 in
492 2869 711 2932 similitudinem
727 2872 860 2950 imaginis
872 2873 1018 2949 conrupti-

260 2957 326 3020 bilis
342 2953 485 3034 bcmiaisa
498 2976 531 3022 et
548 2965 719 3035 tolncrnm,
736 2974 767 3020 et
780 2961 1015 3040 qnadmpednm‚

297 3161 306 3185 ¹
323 3155 394 3202 Joan.
410 3169 432 3212 1,
449 3155 488 3202 lo.
500 3181 535 3190 —
551 3161 562 3189 ²
576 3159 648 3205 Rom.
659 3172 681 3214 v,
693 3161 716 3204 6.
730 3182 764 3190 —-
776 3151 788 3190 3
802 3152 838 3203 Id.
850 3170 908 3213 vm,
922 3157 964 3202 32.
981 3179 1015 3188 —

260 3233 272 3274 4
287 3233 347 3284 psat.
362 3249 427 3292 ων,
439 3238 468 3295 9,
483 3237 522 3286 ts.
533 3260 567 3272 .-
583 3234 593 3273 ⁵
607 3235 751 3298 nonan,
769 3233 881 3295 nafis,
900 3237 944 3286 aa,
