2352 4094
331 343 581 408 eoutnsstottuu
599 347 694 397 nmen
708 349 769 410 uu.
877 352 926 400 tot

169 452 293 532 pastoris
311 453 385 526 mei,
403 450 555 511 structoris
574 449 632 522 tui,
652 461 747 528 spero¹
758 468 804 508 me
824 468 929 527 repor-

170 540 227 599 tari
242 539 297 599 tibi
308 550 329 598 ¹.
756 573 758 577 ,
791 542 793 546 ’

210 629 258 688 22.
279 627 357 706 Quid
373 627 469 686 dicitis
490 627 564 686 mihi
580 646 654 705 quos
668 625 841 704 alloquebar
856 648 929 685 con-

169 721 356 793 tradictores,
371 721 422 797 qui
436 732 533 780 tamen
552 732 582 779 et
598 723 720 797 Moysen
734 719 817 796 pium
831 718 930 779 samu-

171 814 232 872 lum
251 814 324 887 Dei,
340 826 369 872 et
382 811 474 888 libros
488 810 552 888 ejus
566 812 688 870 oracula
702 809 793 868 saneti
804 811 930 889 Spiritus

171 903 310 964 creditis?
329 907 416 962 Estne
436 903 492 962 ista
514 902 618 962 domus
638 901 710 975 Dei,
727 921 786 960 non
810 901 929 979 quidem

172 999 236 1052 Deo
256 1005 413 1066 coaeterna,
435 993 486 1054 sed
508 1005 605 1053 tamen
627 993 788 1052 secuudum
810 993 930 1052 modum

170 1105 255 1145 suum
266 1098 372 1145 aeterna
386 1086 418 1144 in
431 1086 519 1159 coelis,
534 1083 587 1144 ubi
600 1085 680 1148 vites¹
692 1097 857 1163 temporum
869 1084 930 1142 sru-

168 1189 229 1235 stra
247 1177 392 1254 quaeritis,
414 1177 483 1254 quia
503 1195 563 1243 nou
581 1175 753 1235 invenietis?
775 1194 930 1253 supergre-

169 1267 249 1326 ditur
257 1267 335 1326 enim
348 1282 464 1332 omnem
480 1267 702 1340 distentionem,
717 1278 746 1325 et
762 1285 848 1324 omne
858 1286 928 1344 spa-

170 1355 243 1413 tium
256 1356 346 1418 aetatis
361 1353 510 1426 volubile,
523 1354 571 1412 cui
586 1373 701 1432 semper
712 1353 854 1413 inhaerere
866 1360 929 1414 Deo

169 1442 280 1503 honum
293 1455 337 1502 est
351 1453 372 1499 ².
388 1446 454 1514 Est,
471 1443 616 1520 inquiunt.
633 1443 712 1518 Quid
729 1443 820 1519 igitur
838 1465 875 1504 ex
893 1445 929 1502 iis

168 1557 235 1615 quae
250 1535 386 1595 clamavit
397 1553 448 1592 cor
464 1553 562 1592 meum
581 1533 618 1591 nd
632 1527 728 1592 Deum
740 1553 851 1606 meum,
862 1557 929 1594 cum

169 1625 285 1684 audiret
299 1624 426 1682 interius
443 1641 546 1681 vocem
570 1621 665 1680 laudis
683 1621 759 1700 ejus,
778 1623 850 1702 quid
865 1637 930 1682 tan-

169 1714 236 1774 dem
256 1715 361 1775 falsum
382 1732 444 1772 esse
458 1710 651 1771 contenditis?
664 1717 709 1772 An
721 1714 792 1789 qnia
805 1727 869 1771 erut
880 1716 928 1772 in-

170 1805 271 1864 formis
293 1805 445 1876 materies,
466 1802 519 1863 ubi
532 1815 654 1882 propter
671 1803 783 1862 nullam
804 1804 929 1862 formum

169 1897 267 1955 nullus
287 1895 360 1954 ordo
380 1907 459 1967 erat3
471 1893 525 1954 ubi
537 1907 636 1954 autem
650 1894 747 1953 nullus
761 1893 835 1952 ordo
850 1910 912 1955 erat
920 1941 928 1968 ‚

170 1988 250 2046 nulla
270 2006 333 2047 esse
358 1984 529 2046 vicissitudo
555 1996 720 2063 temporum
742 1997 873 2064 poterat3
901 1999 929 2043 et

171 2089 267 2136 tumen
284 2077 342 2136 hoc
356 2097 432 2157 pene
445 2075 535 2147 nihil,
551 2075 725 2152 inquantum
737 2095 797 2134 non
809 2076 928 2135 omnino

170 2167 242 2226 nihil
260 2180 323 2227 erat
333 2211 341 2240 ,
353 2167 390 2226 ab
404 2167 456 2228 illo
474 2165 577 2245 utique
592 2177 685 2226 erata
703 2185 763 2245 quo
781 2179 824 2225 est
840 2165 928 2243 qnid—

167 2257 241 2336 quid
263 2271 322 2330 est,
345 2257 427 2338 quod
448 2268 608 2335 utcumque
634 2255 746 2335 aliquid
772 2258 837 2315 est?
864 2259 927 2313 Hoc

167 2368 301 2426 qnoque,
317 2348 414 2422 aiunt,
424 2368 482 2406 non
495 2365 642 2426 negamus.

424 2525 558 2588 CAPUT
579 2527 671 2590 XVI.-

170 2690 232 2736 Rem
244 2685 335 2736 hebere
351 2701 401 2736 non
415 2685 465 2736 vult
478 2701 534 2736 oum
546 2686 577 2736 iis
596 2686 639 2752 qui
652 2683 822 2736 contradicunt
833 2685 929 2734 veritati

503 2765 598 2816 divinae.
626 2819 629 2828 Α

210 2913 258 2973 23.
274 2918 347 2975 Cum
358 2916 404 2976 his
416 2914 571 2974 euim-volo
587 2933 685 2972 coram
700 2925 728 2974 te
744 2914 855 2991 aliquid
870 2916 929 2973 col-

208 3091 217 3116 ¹
229 3086 290 3135 Luc.
301 3099 339 3144 xv,
355 3088 422 3134 5.-
442 3091 452 3118 ²
464 3082 600 3141 Pettium,
616 3085 657 3132 28.

785 3178 818 3223 34
