2352 4094
311 473 563 525 eoummtouuu
581 476 676 524 uam
693 451 739 525 xi.
854 481 905 529 375

144 582 224 636 Deus
238 573 356 652 adjutor
370 587 485 646 nostem
502 573 566 652 ipse
578 574 647 634 fecit
660 594 722 646 nos,
736 588 766 633 et
776 595 835 635 uon
848 578 905 656 ipsi

143 686 198 725 uos
211 675 231 722 ¹.
254 665 380 723 Attende
398 663 449 723 ubi
466 663 588 724 albescit
605 665 721 724 veritas.
735 669 810 726 Eece
824 681 906 744 puta,

143 775 204 814 vox
219 755 350 833 corporis
369 754 474 832 incipit
483 773 607 826 souare,
633 766 662 812 et
680 743 786 827 sonat‚'
801 767 831 813 et
852 758 906 815 atl-
942 781 944 788 ’

146 848 205 906 huc
226 858 324 919 sonat,
346 859 375 905 et
391 865 459 904 ecce
475 844 598 918 desinit;
615 844 736 923 jamque
757 845 903 908 silentium

147 950 209 1010 est,
233 949 263 995 et
280 957 338 996 vox
354 935 404 996 ssla
419 937 566 1015 praeterita
582 949 642 1008 est,
665 949 696 994 et
710 951 824 996 nonest
842 938 904 1016 jam

146 1047 214 1087 vox.
232 1031 341 1086 Futura
354 1038 416 1086 erat
429 1039 584 1104 antequam
599 1039 728 1099 sonaret,
743 1040 772 1086 et
782 1048 842 1086 non
854 1049 906 1108 po-

52 1191 57 1196 ·
146 1128 221 1175 terat
235 1116 348 1190 metiri,
369 1117 438 1194 quia
455 1117 585 1174 nondum
603 1129 680 1188 erat,
700 1129 730 1176 et
749 1138 827 1176 nunc
846 1140 905 1178 nou

146 1219 256 1286 potest,
278 1208 347 1284 quia
365 1205 426 1284 jam
444 1218 576 1266 nonest.
598 1211 679 1266 Tunc
701 1227 771 1285 ergo
791 1224 906 1289 poterat

147 1315 214 1355 oum
230 1297 367 1370 sonabat,
391 1297 459 1375 quia
475 1310 544 1356 tunc
564 1311 626 1357 erat
642 1318 707 1377 quae
723 1301 819 1359 metiri
835 1322 906 1380 pos-

145 1400 197 1447 set.
219 1388 275 1448 Sed
291 1401 320 1446 et
333 1401 476 1448 mnenon
492 1387 605 1461 stabat3
625 1389 687 1448 ihat
699 1392 775 1449 euim
794 1405 822 1450 et
834 1413 906 1470 prae-

146 1478 260 1537 teribat.
289 1484 335 1537 Au
362 1479 429 1536 ideo
457 1479 547 1556 magis
570 1473 707 1556 poterat?
736 1484 905 1546 Praeterieus
949 1537 953 1548 ,

91 1556 97 1566 ’
147 1568 225 1626 enim
250 1567 425 1626 tendebatur
448 1568 479 1624 iu
502 1567 621 1644 aliquod
640 1569 766 1647 spatium
791 1583 906 1652 tempo-

146 1657 187 1715 ris
197 1677 256 1734 quo
268 1658 364 1716 metiri
375 1668 487 1736 posset,
504 1658 641 1734 quoniam
654 1678 780 1736 praeseus
792 1660 906 1722 nullum

146 1745 236 1805 habet
249 1749 385 1825 spatium.
401 1748 430 1806 si
442 1766 511 1825 ergo
524 1760 593 1806 tunc
606 1760 729 1827 poterat,
744 1769 812 1808 eece
825 1761 906 1828 puta,

146 1839 236 1898 altera
248 1839 337 1916 coepit
347 1859 463 1911 sonare,
479 1851 508 1897 et
516 1838 613 1898 adhuc
624 1852 721 1912 sonat,
736 1840 906 1898 continuato

147 1942 248 1989 tenore
269 1930 330 1988 siue
355 1931 415 1989 ulla
433 1929 619 1989 distinctione
639 1952 646 1987 ε
667 1930 821 1988 metiamur
842 1949 925 1989 eain·

148 2019 217 2078 dum
230 2031 331 2092 sonat3
353 2040 420 2078 cum
436 2021 513 2080 euim
530 2040 633 2079 sonare
652 2021 823 2093 cessaverit,
843 2019 905 2098 jam

147 2111 293 2188 praeterita
311 2111 384 2183 erit,
408 2122 437 2169 et
451 2129 509 2168 non
531 2112 586 2169 erit
600 2131 665 2188 quae
686 2112 778 2189 possit
791 2110 906 2180 metiri-3
940 2107 945 2114 “

147 2201 302 2260 metiamur
321 2202 424 2280 plane,
446 2213 475 2260 et
498 2201 628 2260 dicamus
651 2216 759 2280 quauta
781 2202 826 2260 sit.
850 2201 905 2262 Sed

147 2292 243 2351 adhuc
259 2305 361 2366 sonat,
379 2313 434 2352 nec
452 2293 548 2352 metiri
569 2306 665 2372 potest
685 2283 739 2352 nisi
762 2292 800 2351 ab
822 2291 906 2350 initio

147 2384 191 2443 sui
199 2403 264 2462 ¹quo
280 2404 383 2443 sonare
394 2385 496 2463 coepit,
517 2403 610 2462 usque
626 2383 663 2443 ad
681 2385 768 2444 finem
785 2405 845 2462 quo
858 2385 907 2446 de-

147 2476 223 2534 siuit.
247 2479 347 2551 Ipsum
368 2476 478 2554 quippe
501 2474 687 2533 intervallum
710 2475 848 2544 metimur
868 2475 905 2534 ab

147 2565 245 2640 aliquo
267 2563 350 2621 initio
371 2582 464 2639 usque
489 2563 528 2621 ad
550 2564 676 2642 aliquem
697 2564 792 2620 finem.
823 2567 905 2637 Qua-

146 2667 270 2732 propter
281 2673 338 2712 vox
351 2671 416 2732 quae
427 2653 558 2714 nondum
569 2653 650 2712 finita
660 2651 721 2723 est,
737 2654 835 2712 metiri
848 2674 906 2714 uon

147 2754 258 2822 potest,
279 2755 313 2801 ut
330 2741 446 2800 dicatur
461 2760 549 2818 quam
564 2741 652 2818 longa
670 2742 717 2798 vel
736 2740 834 2801 brevis
851 2745 905 2815 sit;

147 2850 203 2889 uec
225 2831 283 2891 dici
302 2843 354 2890 aut
374 2829 492 2908 aequalis
512 2829 614 2902 alicui,
646 2840 697 2887 aut
720 2828 757 2887 ad
778 2831 905 2908 aliquam

149 2922 253 3000 simpla
266 2923 312 2981 vel
325 2920 431 3000 dupla,
453 2920 500 2978 vel
514 2917 586 2998 quid
604 2917 691 2978 aliud.
715 2923 788 2978 Cum
808 2933 904 2982 autem

148 3013 229 3072 finita
250 3012 356 3085 fuerit,
377 3010 439 3090 jam
456 3029 516 3070 non
537 3009 602 3070 erit.
625 3013 692 3086 Quo
713 3021 799 3094 pacto
817 3010 905 3088 igitur

186 3212 196 3240 ¹
209 3203 274 3255 Psul.
290 3218 360 3264 xcix,
372 3206 396 3256 3,

358 3439 368 3465 Χ
