2354 4034
507 457 617 508 INDEX.
886 467 936 512 533

886 540 936 592 Pag.

182 600 266 651 XXV.
275 605 306 650 In
317 615 365 664 quc
376 598 496 648 memorie
510 600 585 664 gradu
600 600 735 666 reperiatur
748 603 821 652 Deus.
886 608 937 652 310

182 687 279 732 XXVL
289 681 339 732 Ubi
349 680 471 730 invenitur
479 683 555 746 Deus.
886 687 934 732 311

182 767 291 814 XXVII.
313 761 439 825 Quomodo
453 760 575 811 hominem
596 761 674 828 rapiat
692 763 737 812 Ilei
759 762 866 829 pulchri-
920 786 922 795 ·

219 842 286 893 tudo.
465 875 466 878 =
538 877 540 880 -
702 849 703 852 ’
886 849 936 895 312

183 927 305 973 XXVIII.
322 922 427 972 Miseriae
444 923 516 989 hujus
534 924 597 974 vite.
904 924 937 976 id.

184 1007 281 1053 XXIX.
292 1009 321 1052 In
332 1008 384 1053 Deo
396 1021 449 1070 spes
461 1013 520 1054 tcta.
887 1011 935 1056 313

184 1089 269 1134 XXX.
279 1085 412 1136 confitetur
429 1094 457 1134 ut
474 1101 500 1135 se
518 1084 592 1136 hebet
608 1085 640 1135 ad
655 1085 799 1136 tentationes
815 1101 866 1136 cur-

602 1199 604 1202 ·
843 1165 844 1172 ¹
888 1170 938 1217 314

186 1251 282 1297 XXXI.
298 1252 332 1296 Ut
343 1264 368 1296 se
382 1247 443 1312 gerit
455 1246 486 1296 ad
499 1246 644 1298 tentationes
658 1249 726 1314 gule.
852 1261 855 1264 ·
888 1253 937 1298 316

184 1330 296 1377 XXXII.
308 1330 343 1376 Ut
356 1343 382 1376 se
394 1327 455 1392 gerit
466 1326 498 1377 ed
509 1328 611 1377 odorum
622 1329 757 1379 illecebras.
874 1334 878 1338 '
889 1333 936 1378 321

185 1407 309 1456 XXXIII.
319 1411 354 1456 Ut
368 1422 393 1456 se
407 1407 467 1471 gerit
479 1408 511 1456 ad
526 1407 657 1473 voluptates
671 1407 774 1459 aurium.
904 1407 938 1460 id.

185 1490 308 1536 XXXIV.
320 1491 354 1536 Ut
363 1503 390 1536 se
399 1486 460 1552 gerit
471 1485 501 1535 ud
513 1487 636 1536 oculorum
648 1487 780 1536 illecebras.
890 1495 938 1538 323

186 1571 295 1616 XXXV.
313 1571 348 1616 Ut
366 1580 392 1617 se
404 1567 478 1617 habet
488 1565 519 1616 ad
532 1567 665 1617 secundum
677 1565 813 1616 tentationis
829 1581 868 1632 ge-

222 1663 280 1704 nus,
293 1647 358 1712 quod
370 1657 406 1698 est
417 1647 569 1697 curiositatis.
889 1653 938 1699 326

185 1731 307 1777 XXXVI.
320 1732 355 1778 Ut
366 1729 478 1779 sehabet
487 1729 518 1778 ud
528 1727 626 1778 tertium
635 1727 774 1778 tentationis
785 1744 868 1794 genus,

222 1807 287 1872 quod
299 1816 336 1857 est
348 1807 475 1876 superbiae.
721 1833 724 1838 ·
890 1815 941 1860 330

185 1889 320 1938 XXXVII.
331 1893 365 1939 Ut
373 1898 484 1938 movetur
496 1885 745 1938 laudibus‘lrumunis.
888 1895 939 1940 332

186 1971 332 2018 XXXVIII.
340 1973 374 2018 -Et
384 1967 470 2020 virtuti
481 1969 614 2034 periculum
624 1981 707 2018 avana
717 1969 799 2034 gloria.
854 1999 855 2004 =
889 1975 938 2020 335

187 2052 309 2100 XXXIX.
325 2049 420 2098 Amoris
433 2049 526 2117 proprii
535 2050 572 2100 vis
585 2057 610 2098 et
621 2057 716 2098 natura.
890 2053 939 2100 333

187 2125 241 2179 XL.
258 2130 331 2193 Quod
344 2131 369 2180 iu
385 2146 411 2180 se
425 2139 449 2180 et
467 2130 558 2180 caeteris
570 2129 642 2180 rebus
653 2134 732 2179 Deum
742 2127 869 2194 investiga-

223 2209 268 2259 vit·
771 2243 773 2246 v
907 2210 940 2261 id.

187 2293 252 2340 XLI.
262 2289 361 2356 Triplex
375 2289 499 2360 cupiditas.
889 2298 939 2343 338

187 2371 264 2420 XLII.
280 2372 395 2421 Nonnulli
406 2373 437 2422 ad
448 2373 566 2424 demones
580 2371 826 2440 tanquam‘redeundi
838 2373 869 2424 ad

221 2453 301 2500 Deum
319 2452 467 2504 mediatores
481 2455 609 2506 infeliciter
624 2464 787 2506 recurrerunt.

188 2533 279 2579 XLlll.
296 2531 406 2580 Christus
417 2549 488 2583 verus
502 2535 627 2583 mediator.

382 2693 493 2748 LIBER
512 2692 742 2750 UNDECIMUS.

188 2834 246 2882 Cir.
261 2838 282 2882 1.
296 2837 346 2884 Cur
359 2833 500 2884 confitemur
514 2838 569 2884 Dec
582 2834 676 2884 scienti.
890 2842 939 2887 313

190 2914 223 2959 tl.
233 2911 296 2960 Petit
309 2928 322 2961 a
334 2915 386 2962 Deo
396 2912 575 2980 §sripturarum
588 2920 726 2962 sanctarum
737 2911 869 2980 intelligen-

225 2990 294 3042 tiunt.
819 3048 821 3054 ,
891 3001 940 3046 344

190 3074 234 3119 111.
245 3074 306 3134 Que
315 3069 409 3139 scripsit
417 3077 514 3140 Moyses
522 3072 553 3124 de
563 3073 684 3126 creatione
693 3072 746 3124 celi
756 3083 780 3124 et
791 3083 869 3135 terre,

224 3152 358 3220 intelligere
378 3169 429 3204 non
443 3163 522 3229 potest
535 3154 582 3205 nisi
600 3154 706 3206 donante
719 3158 779 3204 Deo.
887 3159 935 3206 347
