2326 4020
252 494 286 540 to
438 491 465 543 S.
483 487 663 537 AUGUSTINI
680 485 822 536 EPISCOPI

250 586 454 652 vendentibus.
471 587 508 644 ln
527 605 587 663 quo
606 585 693 643 etiam
716 584 789 643 ludo
810 581 1011 642 fraudulentos

249 679 396 752 victorias,
414 679 477 756 ipse
492 697 568 735 vana
577 677 590 703 *
602 677 781 735 excellentie
794 675 955 754 cupiditate
969 677 1012 734 vi-

249 784 323 844 ctus,
334 789 411 848 saepe
420 766 598 846 aucupabar.
608 767 687 842 Quid
698 779 794 825 antem
806 779 866 824 tam
875 764 1010 823 nolebam

250 861 324 939 pati,
339 873 426 938 atque
440 859 588 931 atrociter,
601 860 624 916 si
639 857 899 936 deprehenderem,
911 875 1012 934 argue

250 951 334 1022 bam,
348 970 436 1030 quam
452 949 482 1007 id
496 948 576 1026 quod
591 950 653 1008 aliis
666 948 822 1020 faciebam,
831 961 861 1006 et
870 947 895 1006 si
910 947 1011 1024 depre-

251 1041 359 1099 hensus
372 1058 520 1118 arguerer,
532 1039 633 1097 saevire
645 1038 736 1117 magis
748 1057 835 1115 quam
850 1037 954 1096 cedere
972 1037 1011 1093 li·

251 1129 361 1189 bebat?
375 1134 472 1188 istane
484 1141 528 1188 est
540 1129 705 1186 innocentia
718 1128 857 1206 puerilis?
869 1131 934 1185 Non
951 1138 1012 1196 est,

249 1222 387 1291 Domine,
398 1239 457 1282 non
469 1232 513 1280 est
527 1241 534 1275 ε
546 1239 600 1278 oro
612 1232 655 1292 te,
667 1225 747 1279 Deus
761 1239 851 1278 meus.
866 1226 936 1279 Nem
949 1217 1012 1274 haec

251 1312 315 1388 ipsa
330 1322 398 1368 sunt
412 1329 478 1388 quae
490 1329 507 1368 a
521 1310 686 1388 paedagogis
700 1322 730 1368 et
748 1310 905 1386 magistris,
919 1329 936 1365 a
953 1329 1012 1365 nu—

253 1401 351 1473 cibus,
364 1413 394 1460 et
407 1401 519 1479 pilulis,
533 1413 563 1460 et
573 1399 753 1480 passeribus,
767 1400 804 1458 ad
818 1400 970 1478 praefectos
984 1411 1014 1455 et

253 1513 350 1571 reges,
378 1511 497 1566 aurum,
524 1493 649 1570 praedia,
675 1493 835 1570 mancipia3
861 1491 923 1550 baec
952 1491 1014 1570 ipsa

253 1585 373 1642 omnino
386 1603 452 1661 qnae
468 1583 693 1644 suceedentibus
706 1579 868 1660 majorinus
881 1582 1014 1641 aetatibus

253 1685 418 1744 transeunt,
433 1673 519 1732 sicuti
539 1673 640 1732 ferulis
658 1672 770 1750 majora
788 1672 933 1751 supplicia
951 1692 1014 1730 suc-

203 1801 207 1808 ·
254 1764 371 1825 cedunt.
384 1765 563 1824 Humilitntis
574 1785 645 1843 ergo
660 1765 774 1842 signum
786 1765 818 1822 in
834 1777 945 1822 stamra
957 1784 1015 1841 pu·
1040 1801 1044 1808 ·

254 1845 360 1927 eritne,
370 1860 434 1914 Rex
449 1869 559 1929 noster,
568 1854 714 1934 probasti,
727 1875 794 1914 cum
804 1856 868 1914 aisti
881 1876 889 1910 t
904 1857 1014 1912 Talium

255 1963 297 2004 est
315 1967 431 2024 regnum
455 1951 588 2003 coelorum
601 1955 620 2003 ¹.

519 2105 654 2168 cmm
675 2107 747 2169 xx.
789 2088 801 2111 ‘

283 2261 639 2356 ‘mmmtnpuertn
650 2265 807 2316 cotenon
817 2265 970 2331 mnsam.

297 2419 346 2474 31.
360 2419 418 2476 Sed
428 2431 539 2490 tamen,
554 2421 695 2492 Domine,
708 2419 762 2479 tibi
774 2421 1016 2479 excellentissimo

257 2522 344 2586 atque
360 2509 473 2586 optimo
485 2503 631 2568 conditori
644 2523 674 2568 et
683 2511 791 2569 rectori
804 2509 1016 2580 universitatis,

256 2604 320 2658 Deo
333 2611 433 2658 nostro
446 2600 567 2677 gratim,
581 2601 694 2660 etiarnsi
705 2621 751 2659 me
764 2620 888 2680 puerum
904 2612 1016 2658 tentum

257 2709 319 2750 esse
327 2690 477 2749 voluisses.
487 2695 574 2750 Eram
586 2693 663 2751 enim
673 2693 761 2751 etiam
770 2705 850 2763 tunc,
859 2690 1016 2750 vivebam*

257 2793 345 2857 atque
359 2779 529 2853 sentiebam,
543 2801 696 2860 meamque
707 2783 951 2850 incolumitatem,
966 2801 1018 2838 ve-

257 2871 374 2948 stigium
386 2871 585 2932 secretissimae
594 2873 713 2932 unitatis
724 2893 761 2932 ex
771 2892 829 2951 qua
838 2891 1018 2946 eram,curae

257 2957 418 3031 habebam
431 2961 632 3022 custodiebam
645 2963 784 3021 interiore
797 2981 883 3022 sensu
894 2962 1025 3046 integri—¹

251 3061 347 3107 tatem
373 3069 510 3111 sensuum
535 3072 681 3125 meorum,
703 3053 791 3130 inque
813 3053 883 3130 ipsis
904 3051 1018 3129 parvis,

296 3225 306 3250 ¹
318 3213 408 3266 matth.
419 3232 472 3280 m,
491 3220 530 3292 Η,
