2316 4020
250 410 283 454 92
434 409 458 455 S.
477 407 659 456 Adousmta
677 407 822 456 temneat

251 507 391 580 traditan,
405 510 430 565 si
444 527 502 565 non
519 508 651 589 fingitur,
665 509 720 584 qui
732 507 841 565 vellent
858 525 913 585 pro
929 510 1011 568 invi-

251 619 314 657 cem
331 599 378 657 vel
392 599 478 657 simul
493 600 582 671 mori,
596 600 666 676 quia
686 611 780 656 morte
794 596 879 676 pejus
893 600 934 658 eis
946 615 1010 660 orat

250 707 311 746 non
321 689 405 746 simul
415 690 524 746 viuere.
536 689 691 746 Sodiume
702 687 873 764 nescioquis
885 688 1009 748 allectus

250 779 335 836 nimis
349 777 421 836 huie
433 778 594 836 contrarius
608 790 688 836 ortus
704 788 784 848 erata
794 788 823 834 et
838 776 955 834 taedium
967 777 1010 835 vis

189 874 195 884 ’
251 867 337 926 vendi
364 881 428 926 arat
448 869 547 926 inme
567 868 786 946 gravissimum,
812 878 848 924 et.
862 867 1008 925 moriendi

251 972 353 1016 metus
367 957 462 1016 Credo
472 977 531 1036 quo
541 959 631 1034 magis
644 958 728 1016 illum
741 956 890 1028 amabam,
900 976 937 1016 eo
949 975 1009 1015 ma»

251 1053 297 1126 gis
307 1063 519 1126 mortem„quae
527 1049 599 1107 mihi
607 1067 674 1107 eum
689 1047 858 1118 ahsmlemt,
870 1059 1008 1125 tanquam

252 1140 460 1198 atrocissimam¹
470 1141 616 1197 inimicam
632 1139 758 1197 oderam.
767 1151 796 1196 et
811 1137 963 1209 timebam
978 1151 1010 1197 et

252 1247 315 1288 eum
341 1243 460 1308 reponte
489 1243 727 1307 consumpturam
752 1247 852 1288 omnes
875 1230 1008 1289 homines

253 1320 407 1398 putabam,
419 1321 579 1398 quiaillum
593 1321 698 1398 potuit
715 1321 761 1378 sio
774 1335 858 1378 emm·
870 1318 1008 1391 omniuo,

253 1410 380 1468 memini.
395 1411 470 1466 Eone
485 1425 660 1480 cormeum,
675 1413 753 1468 Deus
767 1426 848 1466 meus
862 1429 869 1464 ε
882 1425 950 1466 euro
961 1408 1009 1466 in-

253 1514 299 1556 tus
313 1499 459 1576 videquia
468 1500 584 1558 memini
591 1541 603 1571 ,-
609 1517 674 1576 spes
684 1517 757 1569 mea,
768 1498 878 1574 qui-me
884 1497 1008 1556 mundas

253 1612 269 1646 a
280 1591 380 1647 talium
395 1590 581 1648 affectionum
591 1588 789 1658 immunditia,
800 1588 926 1664 dirigens
939 1605 1007 1646 ocu·

252 1681 296 1736 los
317 1700 396 1738 meos
418 1679 455 1737 ad
481 1692 524 1750 te,
545 1693 573 1737 et
595 1678 721 1737 evellens
743 1678 779 1735 de
798 1678 903 1754 laqueo
916 1678 1008 1755 pedes

255 1789 333 1828 meos
343 1780 362 1825 ¹.
373 1769 500 1828 Mirabar
515 1770 592 1826 euim
606 1781 725 1826 oaeteros
742 1769 876 1825 mortales
891 1768 1009 1840 vivere,

255 1862 323 1936 quia
332 1859 391 1930 ille,
398 1879 485 1936 quem
496 1860 580 1935 quasi
588 1877 646 1915 non
656 1857 829 1915 moriturum
838 1856 1008 1929 dilexeram,

255 1961 387 2006 mortuus
402 1960 475 2018 erat3
489 1960 517 2005 et
529 1967 575 2004 me
586 1947 689 2024 magis,
699 1946 822 2023 quiailli
833 1947 906 2004 alter
918 1965 1008 2018 eram,

231 2063 234 2068 ·
255 2040 353 2096 vivere
367 2040 419 2096 illo
430 2049 545 2094 mortuo
560 2035 696 2094 mirabar.
712 2041 788 2094 Bene
803 2036 920 2112 quidam
934 2036 1010 2094 dixit

256 2130 292 2187 de
304 2129 397 2186 amico
407 2147 460 2185 suo
474 2149 481 2182 :
496 2153 509 2179 «
520 2127 680 2185 Dimidium
691 2127 792 2185 animae
798 2135 901 2188 τηεψ.
912 2153 924 2179 u
935 2129 1008 2185 Nam

256 2241 309 2296 ego
321 2222 396 2276 sensi
411 2220 535 2276 animam
549 2235 641 2275 meam
656 2231 686 2275 et
696 2217 908 2276 animam'illius
920 2233 1008 2276 unam

257 2311 343 2368 fuisse
360 2310 485 2368 animam
500 2310 530 2365 iu
547 2308 662 2366 duobus
685 2305 879 2387 corporibus:
897 2321 926 2367 et
940 2310 1009 2368 ideo

256 2401 327 2460 milii
341 2401 457 2458 horrori
471 2413 532 2457 erat
544 2400 617 2471 vita,
633 2400 702 2476 quia
722 2399 857 2458 nolebam
871 2399 1009 2458 dimidius

255 2492 368 2562 vivere;
382 2505 411 2548 et
424 2490 492 2548 ideo
506 2491 580 2549 forte
594 2493 668 2548 mori
683 2491 863 2561 metuebam,
877 2508 914 2548 ue
930 2504 1008 2550 tutas

255 2581 303 2640 ille
318 2595 481 2640 moreretur
494 2599 581 2658 quem
596 2581 719 2640 multum
734 2581 925 2640 amaveram&

294 2750 454 2808 ¹Psal.xx1v‚
473 2754 511 2798 15.
525 2777 559 2786 -
573 2741 584 2786 3
599 2755 682 2801 Horat.
694 2753 774 2801 (iarun.
789 2750 830 2800 lib.
845 2755 867 2810 1,
877 2749 923 2799 ode
937 2753 961 2799 3.
972 2777 1006 2786 -

258 2827 385 2879 ³ltetraot.
397 2830 439 2879 tib.
453 2835 483 2888 2,
501 2845 521 2878 c.
537 2836 560 2880 6.
