2356 4018
313 437 562 491 CONFESSIONUM
579 436 675 484 mmm
692 437 748 484 vn.
857 437 904 484 201

141 543 231 601 tione
245 540 349 599 nnicae
361 539 490 622 pelliceae
502 549 617 608 uostrae,
632 548 661 594 et
670 536 737 594 lassi
747 545 910 613 prosterne-

140 641 254 689 rentur
267 629 297 688 in
309 647 390 702 eam,
405 627 455 685 illa
469 638 565 684 autem
579 643 700 701 surgens
712 624 823 684 levaret
836 643 894 683 eos.

407 794 542 857 CAPUT
562 793 650 854 xm.

220 969 223 972 ·
263 953 330 1020 Quid
348 952 451 1031 senserit
470 951 501 1003 de
522 951 612 1004 Christi
632 951 806 1004 incarnatione

197 1103 246 1161 25.
260 1107 321 1180 Ego
332 1121 403 1160 vero
414 1099 493 1160 aliud
507 1099 656 1178 putabam,
666 1115 835 1182 tantumque
848 1123 913 1162 seu-

149 1195 265 1256 tiebam
282 1194 320 1252 de
341 1193 468 1252 Domino
486 1192 599 1281 cbristo
621 1215 703 1268 meo,
721 1208 860 1275 quantum
876 1195 913 1253 de

149 1287 323 1346 excellentis
346 1285 494 1363 sapientise
516 1285 597 1358 viro,
624 1287 671 1345 cui
695 1288 911 1368 nullus⁴posset

151 1376 279 1454 aequari3
300 1379 470 1454 praesertim,
482 1375 551 1450 quia
573 1375 745 1435 mirabiliter
767 1389 851 1447 natus
874 1399 911 1438 ex

149 1468 279 1544 virgine,
289 1465 326 1524 ad
337 1465 503 1544 exemplum
515 1466 790 1532 contemnendorum
801 1481 910 1548 tempo-

153 1558 260 1616 ralium
278 1575 333 1634 pro
354 1554 542 1633 adipiscendo
560 1553 789 1628 immortalitate,
811 1557 912 1618 divino

153 1643 211 1728 pro
224 1644 308 1704 nobis
323 1665 394 1705 cura
414 1657 523 1724 tautam
538 1644 910 1724 auctoriatemn'magisterii

155 1737 301 1818 meruisse
308 1733 474 1793 videbatur.
482 1733 559 1808 Quid
571 1747 667 1793 autem
677 1736 848 1794 sacramenti
856 1731 910 1794 ha-

154 1825 238 1910 beret
256 1824 374 1893 Verbum
390 1845 456 1882 caro
466 1821 578 1904 factum
590 1831 613 1897 ¹,
630 1844 667 1884 ue
683 1824 823 1904 suspicari
838 1823 909 1904 (Ψί-

155 1917 222 1975 dem
238 1928 379 1993 poteram.
393 1919 517 1972 Tantum
528 1905 729 1992 'cognoveram
746 1935 782 1973 ex
794 1915 911 1991 iisque

156 2002 255 2064 ottilo
270 2006 379 2097 scriptu
393 2005 589 2076 traderentur,
601 2004 669 2082 quia
682 2001 867 2090 manducavit
880 2017 911 2064 et

154 2091 246 2166 bibit,
274 2092 429 2165 dormivit,
454 2088 629 2164 ambuiavit,
652 2089 825 2151 exhilaratus
848 2103 909 2164 est,
964 2113 973 2123 ·

156 2183 338 2242 contristatus
358 2195 413 2255 est,
431 2169 637 2241 sermocinatus
652 2193 708 2255 est;
720 2201 779 2240 nou
791 2180 922 2240 haesisse·

156 2291 268 2330 earnem
287 2250 372 2330 iliani
388 2271 486 2330 Verbo
510 2283 576 2344 tuo,
597 2266 652 2330 uisi
678 2256 860 2330 uiin‘auiuia
880 2283 909 2330 et

156 2374 249 2420 mente
268 2361 404 2418 humana.
421 2361 509 2419 Novit
526 2362 583 2420 hoc
597 2361 689 2432 omuis
707 2361 757 2440 qui
770 2361 852 2420 novit
864 2360 909 2419 in·

157 2450 446 2510 commutabilitatem
469 2449 558 2509 Verbi
582 2451 640 2524 tui,
662 2471 750 2528 quam
773 2469 826 2528 ego
846 2449 907 2527 jam

156 2555 301 2612 noveram,
312 2554 452 2626 quantum
462 2554 608 2620 poteram3
624 2563 678 2600 neo
692 2541 809 2599 omnino
823 2540 908 2618 quid—

156 2651 240 2710 quam
260 2631 327 2690 in'de
356 2631 534 2708 witabam.
558 2631 670 2689 Etenim
693 2649 770 2687 nunc
790 2649 908 2687 movere

157 2721 285 2782 membra
306 2723 436 2803 corporis
462 2741 515 2802 per
539 2721 729 2794 voluntatem,
751 2740 827 2777 nuuc
849 2739 908 2777 non

156 2831 286 2885 movere;
304 2833 380 2872 nunc
399 2811 498 2888 aliquo
515 2810 622 2869 affectu
642 2809 731 2882 affici,
746 2829 830 2868 nuno
842 2829 907 2876 ,uon

156 2903 243 2976 affici5
255 2923 332 2960 nuuc
344 2904 476 2982 proferre
487 2922 540 2980 per
550 2902 629 2979 sigua
643 2899 785 2980 sapientes
794 2895 908 2960 seuten-

157 2990 220 3066 (ἰαῦ,
232 3013 307 3052 nunc
322 3011 383 3052 esse
398 2993 429 3052 iu
446 2992 560 3052 silentio
576 3013 583 3052 ι
598 2993 719 3072 propriu
732 3005 798 3050 sunt
811 3003 907 3051 muta·
944 3064 948 3069 .

190 3154 373 3218 ¹Josn.1,1t.
420 3134 436 3206 .’
761 3138 777 3164 '¹'
