2326 4020
305 467 557 520 commmunia
575 469 669 517 Lim
687 471 731 520 m.
863 473 897 518 59

126 638 896 659 ἎἊἊΜΙἊἌἊἋἈἋΜΛΜἏἊΜἎΜἈΛΜΝΑΙΛἋἋἊἊἊἊἋΜ

316 781 464 858 LIBER
488 781 720 858 TERTIUS.

163 969 203 1014 De
225 968 304 1018 annis
325 965 413 1016 aetatis
435 965 506 1016 illius
527 963 628 1014 decimo
649 965 774 1029 septimo,
796 967 897 1018 docimo

130 1045 228 1088 octavo
256 1047 285 1091 et
314 1041 418 1090 docimo
445 1053 518 1090 nono
547 1039 689 1089 transactis
718 1041 897 1106 carthagine,

130 1111 177 1160 ubi
199 1113 271 1164 dum
291 1112 419 1164 litterarii
441 1111 525 1162 studii
548 1110 714 1162 curriculum
737 1112 898 1176 absolveret,

129 1197 157 1232 se
177 1185 322 1237 libidinosi
342 1185 440 1236 amoris
460 1187 555 1247 laqueo
574 1184 721 1248 irretitum,
742 1199 847 1236 necnon
869 1185 898 1236 ln

126 1255 343 1307 Manichaeorum
360 1257 482 1306 haeresim
501 1258 655 1321 prolapsum
670 1258 752 1308 fuisse
767 1257 896 1308 meminit.

129 1327 268 1380 adamans
284 1331 384 1379 horum
398 1343 501 1380 errores
517 1337 543 1379 et
564 1329 676 1392 ineptias
693 1331 799 1381 disserit
818 1333 896 1382 lucu·

128 1400 227 1450 lenter.
246 1407 382 1453 blaternas
394 1417 443 1466 pro
455 1417 482 1452 se
497 1403 639 1466 lacrymas,
652 1409 680 1454 et
696 1416 853 1466 responsum
864 1405 897 1453 de

127 1484 177 1522 aua
190 1475 380 1538 resipiscentia
396 1473 524 1526 divinitus
541 1482 678 1542 acceptum
695 1478 786 1527 refert.

439 1647 604 1673 —00006-

345 1762 479 1850 maur
499 1787 686 1850 ramum.

298 1947 388 1994 Amore
398 1959 471 2008 quem
486 1943 622 1996 venabatur
634 1943 735 2008 capitur.

176 2095 202 2150 l.
232 2093 307 2152 Veni
329 2095 551 2173 Carthaginem
579 2097 609 2153 e't
633 2093 894 2172 circumstrepebat

132 2199 177 2239 me
207 2182 343 2260 undique
372 2195 486 2262 sartago
515 2183 722 2262 flagitiosorum
752 2202 893 2243 amorum.

132 2273 273 2333 Nondum
293 2272 441 2346 amabam,
455 2285 485 2332 et
498 2293 595 2334 amare
608 2272 740 2334 amabam
754 2273 778 2344 *‚
800 2287 830 2332 et
846 2293 894 2333 se-

133 2363 261 2422 cretiore
276 2361 435 2440 indigentia
451 2363 570 2424 oderam
585 2383 631 2422 me
649 2363 744 2422 minus
759 2363 894 2442 indigen-

134 2461 201 2512 tem.
226 2451 398 2527 Quaerebam
416 2453 497 2530 quod
513 2471 652 2526 amarem,
671 2473 716 2510 am
786 2472 892 2524 amare,

134 2553 163 2599 et
178 2542 301 2601 oderam
318 2542 521 2614 securitatem,
539 2554 569 2600 et
581 2542 659 2600 viam
672 2471 894 2617 sinfflusbipu-

133 2628 176 2689 lis.
199 2631 346 2706 Quoniam
372 2632 461 2692 sames
482 2633 554 2692 mihi
572 2644 635 2692 crat
659 2633 736 2690 intus
756 2630 794 2689 ab
815 2631 891 2689 inte-

135 2720 211 2782 riore
224 2721 292 2781 cibo
308 2722 414 2800 teipso,
432 2728 511 2782 Deus
527 2743 626 2794 meus,
645 2734 675 2780 et
694 2740 728 2779 ea
744 2721 819 2778 fame
835 2741 893 2780 non

135 2811 316 2884 esuriebam3
336 2812 387 2872 sed
402 2834 483 2894 cram
501 2814 561 2874 sine
576 2812 721 2872 desiderio
738 2811 892 2881 alimento-

135 2921 199 2964 rum
222 2905 492 2982 incorruptibilium
515 2927 522 2962 :
546 2925 605 2964 uon
631 2904 699 2981 quia
724 2903 827 2981 plenus
851 2906 892 2964 eis

136 3011 227 3064 eram,
243 2993 296 3053 sed
309 3014 368 3071 quo
382 2994 506 3067 inanior,
521 3015 557 3054 eo
571 2993 753 3054 fastidiosior.
774 2998 811 3054 Et
824 2995 891 3054 ideo

136 3099 191 3141 non
203 3083 280 3144 bene
296 3083 413 3144 valebat
426 3086 522 3144 anima
534 3105 614 3159 mea;
633 3098 662 3144 et
676 3076 807 3145 ulcerosa
820 3105 892 3164 pro-

134 3169 252 3246 jiciebat
266 3193 296 3233 se
310 3175 388 3234 foras
405 3175 607 3238 miserabiliter
618 3177 708 3255 scalpi
725 3177 810 3236 avida
825 3195 892 3234 con-
