2326 4020
305 562 559 614 cortrnssmumr
578 564 672 612 amna
690 565 734 612 111.
869 565 899 611 rs
952 547 956 558 '

137 668 352 746 gladiatorum,
368 678 420 723 aut
435 665 585 735 irrisores,
606 677 655 722 ant
674 665 808 723 illusores
831 685 907 742 quo-

136 755 278 815 rumlibet
300 778 308 814 ε
334 755 397 813 haec
426 767 494 812 sunt
520 753 616 830 capita
639 754 816 831 iniquitatis,
841 776 907 833 quae

137 849 284 925 pullulant
299 844 485 923 principandi
501 856 530 901 et
546 844 698 920 spectandi
716 859 745 902 et
762 846 905 905 sentiendi

140 934 276 1007 libidine,
289 946 340 992 aut
354 953 427 1005 una,
438 946 487 991 aut
502 931 616 992 duabus
628 953 743 1007 earum,
754 949 805 994 aut
819 937 904 996 simul

143 1025 298 1098 omnihus;
312 1038 340 1082 et
354 1025 468 1083 vivitur
480 1025 554 1082 male
575 1024 715 1083 adversus
734 1028 789 1084 tria
808 1040 837 1085 et
856 1049 903 1086 se-

138 1131 232 1195 ptem,
247 1115 420 1194 psalterium
434 1115 533 1173 decem
547 1115 725 1176 chordarum
734 1115 902 1196 decalogum

139 1222 240 1279 tuum,
263 1213 344 1266 Deus
367 1207 504 1265 altissime
522 1218 551 1263 et
573 1205 745 1266 dulcissime.
768 1209 825 1266 Sed
839 1231 903 1287 quae

137 1298 247 1376 flagitia
260 1297 291 1354 in
304 1307 332 1353 te
345 1294 468 1371 quinon
482 1295 701 1372 corrumperis?
716 1308 767 1352 aut
778 1315 843 1373 quae
855 1299 903 1355 ad·

137 1408 240 1446 versus
257 1399 286 1444 te
302 1385 448 1456 facinora,
463 1385 512 1442 cui
528 1384 628 1442 noceri
642 1404 700 1443 non
716 1389 833 1464 potest?
847 1388 902 1446 Sed

137 1479 194 1536 hoc
213 1476 348 1534 vindicas
365 1473 445 1552 quod
464 1474 494 1531 in
515 1493 545 1531 se
562 1475 694 1534 homines
717 1490 901 1554 perpetrant,

137 1567 316 1646 quinetiam
338 1585 405 1623 cum
426 1566 456 1622 in
479 1577 506 1622 te
522 1577 659 1642 peccant,
682 1566 773 1644 impie
793 1568 902 1626 faciunt

137 1660 167 1715 in
181 1658 292 1714 animas
307 1675 389 1727 suas,
402 1667 431 1713 et
443 1655 583 1712 mentitur
599 1655 738 1731 iniquitas
755 1655 827 1729 sibi,
841 1659 902 1716 sive

138 1745 356 1825 corrumpendo
381 1765 414 1802 ac
440 1744 635 1822 pervertendo
661 1755 794 1802 naturam
820 1767 900 1805 suam

138 1857 227 1915 quam
249 1849 282 1894 tu
304 1835 398 1893 fecisti
415 1845 445 1890 et
463 1833 618 1905 ordinasti,
641 1832 688 1892 vel
711 1833 900 1896 immoderate

140 1927 251 1986 utendo
261 1925 404 1984 concessis
416 1923 519 1997 rebus,
529 1924 576 1982 vel
593 1924 623 1980 in
635 1943 693 1980 non
706 1943 841 1986 concessa
852 1929 901 1986 ila-

139 2018 252 2096 grando
271 2018 301 2075 in
326 2012 491 2074 eum'usum
503 2015 554 2092 qui
570 2027 613 2088 est
631 2027 731 2073 contra
749 2029 898 2092 naturam3

139 2123 190 2168 aut
206 2108 248 2166 rei
263 2119 409 2179 tenentur,
422 2093 518 2164 antino
529 2118 558 2163 et
571 2105 670 2164 verbis
681 2108 837 2170 sevientes.
846 2112 900 2169 ad-

138 2221 240 2259 versus
255 2213 300 2270 te,
326 2209 354 2255 et
374 2197 513 2254 adversus
536 2195 685 2256 stimulum
702 2201 897 2274 calcitrantes,

138 2305 187 2350 aut
200 2311 269 2349 cum
282 2287 422 2365 disruptis
435 2285 576 2344 limitibus
590 2287 723 2347 humanae
733 2292 896 2364 societatis,

137 2383 274 2441 laetantur
297 2379 421 2438 audaces
441 2377 562 2454 privatis
581 2375 830 2440 conciliationibus
844 2393 896 2440 aut

137 2469 394 2552 diremptionibus,
404 2480 493 2547 prout
504 2469 633 2546 quidque
647 2470 835 2528 delectaverit
846 2486 896 2531 aut

137 2562 304 2622 offenderit.
321 2565 357 2617 Et
377 2579 410 2634 ea
432 2559 506 2616 fiunt
528 2577 593 2616 cum
616 2569 647 2614 tu
670 2558 896 2638 derelinqueris,

137 2656 200 2712 sons
218 2653 304 2723 vitae,
319 2649 370 2727 qul
385 2669 416 2707 es
434 2667 508 2706 unus
522 2659 551 2704 et
569 2665 656 2704 verus
671 2661 786 2707 creator
801 2663 830 2708 et
848 2674 896 2710 re-

137 2758 199 2803 ctor
213 2739 425 2806 universitatis
440 2748 469 2792 et
486 2737 600 2824 privata
616 2735 754 2814 superbia
766 2739 896 2820 diligitur

138 2837 167 2891 in
188 2846 274 2911 parte
295 2847 386 2887 unum
404 2826 518 2884 falsum.
541 2829 643 2902 Itaque
666 2828 774 2904 pietate
794 2830 896 2892 humili

140 2925 253 2986 reditur
275 2921 306 2977 in
328 2931 370 2991 te,
391 2930 420 2976 et
448 2937 555 2994 purgas
576 2938 628 2976 nos
647 2937 664 2976 a
688 2923 896 2984 consuetudine

139 3018 228 3087 mala,
244 3024 274 3071 et
288 3009 434 3089 propitius
450 3029 480 3066 es
496 3009 621 3085 peccatis
635 3011 849 3086 confitentium,
868 3031 896 3074 et

139 3105 259 3164 exaudis
290 3101 414 3180 gemitus
438 3098 684 3176 compeditorum,
710 3115 738 3160 et
764 3105 853 3164 solvis
880 3131 896 3164 a

140 3197 262 3256 vinculis
277 3213 343 3271 quae
358 3191 442 3249 nobis
459 3191 596 3263 fecimus,
612 3193 635 3249 si
649 3181 785 3280 jam'noo
802 3199 896 3274 ociga.

142 3311 204 3349 mus
216 3289 366 3348 'adversus
377 3286 413 3341 'te
426 3285 541 3344 'cornua
559 3285 636 3344 falsae
646 3285 803 3358 libertatis,
826 3309 896 3348 ava—
