2336 3984
277 414 327 462 lic
462 410 488 458 S.
508 407 692 458 AUGUSTINI
711 407 854 460 Ertscort

274 511 326 588 qui
344 529 375 569 es
395 507 688 581 incommutabiliter,
706 520 735 566 et
759 508 815 567 scis
840 508 1042 568 incommuta-

274 600 386 671 biliter,
404 611 433 656 et
459 599 502 657 vis
528 598 819 678 incommutabiliter.
849 603 885 656 Et
914 602 1044 658 essentia

275 704 324 750 tua
347 690 402 748 scit
425 703 455 748 et
474 689 539 748 vult
556 691 850 763 incommutabiliter,
868 702 899 749 et
916 692 1044 754 scientia

275 794 385 842 tuaest
405 793 434 840 et
453 783 517 840 vult
538 782 831 853 incommutabiliter,
854 794 883 840 et
901 783 1043 842 voluntas

274 886 386 934 tuaest
405 886 434 932 et
450 874 505 931 scit
524 872 813 931 incommutabiliter.
834 877 895 930 Nec
918 872 1044 932 videtur

272 965 384 1042 justum
402 983 464 1022 esse
487 981 587 1021 coram
610 974 656 1034 te,
678 975 712 1020 ut
735 962 987 1040 quemadmodum
1012 984 1044 1022 se

274 1057 329 1114 scit
342 1055 441 1112 lumen
455 1051 709 1126 incommutabile,
728 1053 768 1110 ita
786 1053 895 1111 sciatur
912 1051 952 1110 ab
971 1053 1045 1111 illu-

274 1147 384 1204 minato
399 1143 609 1202 commutabili.
628 1143 759 1221 Ideoque
777 1144 873 1202 anima
888 1162 956 1200 mea
972 1155 1042 1202 tan-

274 1253 361 1313 quam
379 1246 457 1292 terra
468 1234 529 1292 sine
544 1253 621 1310 aqua
640 1234 694 1294 tibi
704 1245 732 1306 ¹3
749 1235 819 1313 quia
833 1234 909 1293 sicut
927 1254 960 1291 se
976 1235 1046 1292 illu·

275 1325 386 1382 minare
401 1323 437 1382 de
453 1343 485 1382 se
504 1341 563 1380 non
583 1336 693 1401 potest,
712 1325 752 1382 ita
770 1345 800 1384 se
823 1325 928 1382 satiare
950 1324 988 1382 de
1011 1345 1044 1384 se

274 1434 333 1474 non
352 1427 457 1494 potest.
478 1414 525 1473 Sic
540 1414 619 1472 enim
642 1414 721 1492 apud
737 1428 765 1473 te
785 1415 849 1474 lons
864 1416 939 1485 vitae,
964 1435 1044 1492 quo-

276 1505 364 1566 modo
386 1506 417 1564 in
432 1504 542 1576 lumine
559 1516 610 1562 tuo
624 1503 791 1564 videbimus
807 1506 934 1565 lumen².

349 1705 352 1710 ⁴
438 1779 441 1784 Ι
520 1687 654 1756 aanor
679 1695 783 1758 xvn.

276 1865 305 1910 ln
320 1856 350 1918 Ji.
366 1864 381 1910 9
402 1876 409 1910 :
429 1860 612 1927 Congregcntur
631 1829 704 1930 uqnoe
722 1868 768 1909 etc.
794 1859 861 1923 Quid
879 1875 958 1919 mare,
978 1860 1040 1926 quid

341 1941 416 2024 arida.
434 1940 574 2008 Explicatur
590 1937 619 1999 Ji,
633 1937 687 2012 ll}
707 1941 828 1992 Geminei·
843 1950 906 1990 terra
924 1949 973 1991 ete.

316 2088 363 2148 20.
379 2089 450 2165 Quis
464 2092 651 2168 congregavit
668 2090 859 2148 amaricantes
871 2091 902 2148 in
916 2091 1038 2150 societa-

276 2193 335 2237 tem
354 2181 461 2238 unam?
474 2179 557 2236 Idem
571 2200 697 2257 namque
710 2182 767 2239 illis
779 2181 845 2239 finis
859 2194 903 2240 est
916 2195 1039 2262 tempo-

276 2269 344 2326 ralis
363 2280 392 2326 et
415 2280 541 2332 terrenae.
561 2268 719 2343 felicitatis,
741 2284 864 2349 propter
887 2291 975 2348 quam
994 2273 1037 2331 fa-

276 2358 356 2414 ciunt
383 2357 497 2427 omnia3
514 2358 648 2432 quamvis
667 2361 874 2420 innumerabili
895 2363 1036 2422 varietate

275 2467 413 2506 curarum
431 2446 583 2506 fluctuent.
603 2448 685 2521 Quis,
707 2452 842 2526 Domine,
862 2451 917 2509 nisi
932 2463 964 2509 tu
984 2454 1036 2530 qui

277 2538 422 2600 dixisti-ut
437 2534 684 2617 congregarentur
703 2561 785 2620 aquae
802 2534 834 2601 in
855 2545 1035 2620 congregati-

276 2651 372 2690 onem
386 2652 486 2705 unam,
509 2644 538 2690 et
556 2647 712 2710 appareret
732 2633 830 2706 arida,
844 2635 941 2692 sitiens
963 2635 1035 2694 tibi?

277 2723 422 2796 Quoniam
437 2736 520 2781 tuum
536 2735 578 2780 est
593 2717 731 2798 et'mare,
748 2737 777 2782 et
790 2737 821 2782 tu
836 2725 929 2783 fecisti
946 2725 1035 2798 illud,

277 2824 306 2869 et
329 2813 440 2871 aridam
467 2827 575 2872 terram
596 2833 698 2874 manus
724 2827 779 2874 tnae
801 2817 1034 2890 formaverunt³;

276 2923 371 2980 neque
386 2905 463 2964 enim
474 2906 638 2970 amaritudo
647 2909 841 2980 voluntatum,
853 2908 904 2966 sed
917 2929 1034 2987 congre-

314 3083 323 3124 1,
342 3073 405 3124 Psal.
423 3089 504 3135 cxnrt,
525 3081 549 3124 6.
568 3102 603 3124 -ι
626 3077 710 3126 ²Psal.
731 3093 803 3135 xxxv,
828 3080 867 3128 to.
886 3105 921 3114 -
944 3076 954 3114 ³
973 3079 1033 3132 Psal.

277 3170 340 3213 xetv,
354 3160 377 3204 5.
