2352 4094
305 429 565 481 CONFESSIONUM'
578 429 672 480 LIBER
691 431 738 480 xl.
853 433 901 483 371

138 551 225 590 mane
235 531 266 589 in
276 549 362 610 mane
373 530 487 589 assolet.
497 533 563 588 Nou
571 530 670 608 itaque
680 551 757 588 nunc
768 551 906 609 quaeram,

139 623 213 701 quid
227 622 264 682 sit
281 620 357 680 illud
375 621 457 699 quod
474 633 597 681 vocatur
616 620 691 694 dies,
709 620 760 680 sed
778 624 851 700 quid
870 625 907 684 sit

141 728 331 792 tempusque
348 711 500 770 metientes
519 711 586 770 solis
605 711 773 784 circuitum,
792 711 906 772 dicere-

141 823 206 862 mus
221 822 285 862 eum
298 800 420 860 dimidio
432 801 526 881 spatio
537 801 675 880 temporis
685 814 836 879 peractum
849 805 904 862 rni-

141 911 295 970 nusquam
304 894 387 964 solet,
394 892 418 952 si
429 903 510 950 tanto
518 891 613 970 spatio
623 891 762 969 temporis
770 905 906 970 peractus

143 994 231 1054 esset,
251 995 360 1060 quanto
383 993 565 1061 peraguntur
586 981 666 1040 horae
685 981 855 1056 duodecim3
876 997 907 1042 et

142 1085 301 1150 utrumque
314 1084 428 1150 ternpus
440 1062 642 1152 comparantes
657 1071 819 1132 diceremus
833 1073 906 1133 illud

142 1163 293 1242 simplum,
311 1163 368 1221 hoe
391 1162 529 1242 duplum,
545 1162 658 1222 etiamsi
677 1163 834 1241 aliquando
855 1165 906 1230 illo

142 1253 258 1332 simplo,
269 1253 426 1330 aliquando
440 1254 496 1313 isto
508 1252 599 1332 duplo
616 1254 659 1312 sol
678 1253 715 1312 ab
729 1255 842 1313 oriente
856 1273 908 1314 us-

143 1364 202 1422 que
222 1343 260 1403 ad
278 1344 421 1404 orientem
439 1344 616 1404 circumiret.
635 1347 728 1404 Nemo
747 1364 817 1424 ergo
834 1346 908 1406 mihi

143 1433 223 1493 dicat
237 1433 398 1494 coelestium
416 1452 574 1512 corporum
589 1446 686 1494 metus
705 1455 767 1494 esse
789 1449 906 1515 tempo-

144 1545 198 1584 ra:
216 1525 285 1603 quia
301 1536 331 1583 et
349 1522 502 1600 cujusdam
519 1535 589 1594 vote
605 1543 672 1582 cum
689 1525 732 1582 sel
749 1526 908 1598 stetisset²;

144 1630 178 1676 ut
190 1616 400 1676 victoriosum*
414 1615 547 1694 prelium
562 1627 726 1693 perageret,
740 1619 783 1676 sol
799 1615 909 1689 stabat,

144 1706 195 1764 sed
222 1719 335 1783 tempus
360 1703 508 1766 ibat-‘Per
529 1725 613 1766 suum
641 1707 753 1785 quippe
780 1705 908 1784 spatium

147 1794 300 1872 temporis,
316 1793 395 1872 quod
415 1795 443 1854 ei
461 1794 693 1868 sufficerem-illa
709 1814 808 1873 pugna
826 1805 912 1871 gestu

147 1897 235 1962 atque
249 1885 330 1944 finita
342 1896 393 1944 est.
409 1883 501 1945 Video
519 1885 609 1962 igitur
623 1896 737 1961 tempus
753 1882 910 1961 quamdam

150 1996 212 2035 esse
231 1975 442 2036 distentionem.
462 1975 519 2037 Sed
537 1975 639 2047 video,
656 1995 694 2034 an
717 1974 819 2034 videre
838 1973 910 2034 mihi

149 2066 273 2127 videor?
290 2072 333 2127 Tu
356 2066 584 2139 demonstrabis,
596 2069 680 2139 Lux,
698 2066 819 2128 Veritas.

388 2234 522 2300 CAPUT
548 2235 668 2299 XXIV.

220 2405 326 2468 Tempus
346 2409 383 2452 eat
405 2417 454 2470 quo
472 2401 588 2452 metimur
609 2409 702 2452 motum
723 2397 838 2468 eorporis.
893 2461 895 2464 Ι

192 2547 239 2604 31.
260 2544 351 2606 Jubes
368 2560 400 2606 ut
416 2549 578 2628 approbem
590 2549 615 2608 si
625 2551 690 2626 quis
707 2548 785 2605 dicat
796 2559 911 2625 tempus

153 2656 214 2695 esse
231 2649 343 2695 motum
351 2639 512 2716 eorporis?
525 2643 591 2698 Non
604 2637 701 2714 jubes.
714 2641 788 2696 Nam
804 2655 912 2713 corpus

153 2726 264 2786 nullum
270 2771 279 2801 ‚
289 2727 346 2786 nisi
354 2728 385 2788 in
395 2741 541 2808 tempore,
551 2728 664 2786 moveri
673 2726 777 2786 audio:
788 2738 820 2784 tu
830 2725 910 2785 dicis.

153 2820 252 2894 Ipsum
267 2830 363 2877 autem
379 2818 510 2898 eorporis
524 2829 635 2878 motum
651 2829 766 2898 tempus
781 2835 912 2875 essenon

154 2904 242 2966 audio
252 2929 260 2964 z
272 2927 330 2966 non
342 2921 373 2967 tu
383 2906 464 2970 dicis.
473 2911 549 2976 Cum
560 2907 636 2969 enim
650 2918 786 2968 movetur
796 2925 912 2985 corpus,

155 3009 286 3075 tempore
298 2999 403 3060 metior
413 2999 554 3082 quamdiu
565 3010 728 3074 moveatur,
737 3018 774 3058 ex
783 3018 842 3076 quo
854 3016 913 3057 me

192 3170 331 3232 ¹Juauex‚
346 3171 387 3220 13.
