2326 4020
329 553 582 604 CONFESSIONUM
601 557 695 605 LIBEII
714 559 735 604 1.
882 557 913 607 ³7

145 624 292 738 personie,
301 657 353 714 irae
363 674 397 713 ac
413 653 524 712 doloris
536 655 657 715 similior
670 655 792 714 allectus
809 659 916 716 emine·

146 751 215 816 bat,
226 745 328 805 verbis
340 743 499 804 sententias
512 757 705 820 congruenter
714 746 914 806 vestientibus.

150 837 265 912 thuid
280 834 352 892 mihi
365 833 447 904 illud,
465 853 483 888 ο
497 851 567 890 vera
579 833 639 890 vita
651 853 723 908 mea,
734 839 811 894 Deus
822 855 913 906 metra,

155 927 236 1003 quod
254 925 324 984 mibi
345 924 479 982 recitanti
500 923 718 982 acclamabatur
739 945 800 1003 prae
817 929 914 996 multis

156 1015 306 1074 coaetancis
330 1025 360 1071 et
382 1010 598 1071 conlectoribus
620 1015 712 1072 meis?
725 1021 825 1074 Nonne
847 1037 914 1074 ecce

151 1108 200 1166 illa
212 1107 307 1164 omnia
319 1105 417 1162 fumus
429 1117 458 1160 et
467 1106 589 1162 ventus?
599 1108 682 1162 Itane
692 1104 771 1163 aliud
782 1125 841 1163 non
853 1120 916 1164 crat

150 1197 202 1255 ubi
216 1207 404 1254 exerceretur
417 1193 566 1271 ingenium
583 1206 612 1252 et
627 1195 727 1274 lingua
740 1197 821 1253 mea?
838 1200 912 1254 Lau-

129 1349 131 1354 ,
152 1289 205 1346 des
226 1302 297 1358 tuae,
317 1285 458 1356 Domine,
478 1285 578 1342 laudes
598 1297 655 1343 tuae
676 1306 730 1364 per
751 1287 914 1364 Scripturas

155 1392 219 1436 tuas
233 1371 445 1454 suspenderent
458 1375 611 1453 palmitem,
620 1375 716 1443 cordis
728 1377 798 1450 mei,
813 1390 842 1435 et
857 1397 915 1436 non

153 1481 306 1545 raperetur
328 1487 382 1545 per
405 1467 502 1523 inania
525 1483 668 1542 nugarum
694 1467 788 1544 turpis
817 1469 915 1546 praeda

152 1558 332 1617 volatilibus.
362 1563 430 1645 Non·
451 1557 527 1615 enim
547 1577 605 1615 uno
628 1557 716 1615 modo
738 1559 915 1617 sacrificatur

153 1647 417 1726 transgressoribus
441 1647 554 1726 angelis.

398 1809 533 1870 capus
553 1809 677 1870 XVIII.

155 1967 231 2030 Quod
247 1967 358 2020 homines
374 1975 460 2016 curant
477 1981 572 2016 servare
583 1966 647 2030 leges
658 1963 879 2030 grammaticorum,
891 1977 916 2016 et

336 2063 387 2098 non
403 2048 539 2108 divinorum
556 2055 739 2116 praceptorum.

196 2175 242 2248 28.
259 2190 338 2264 Quid
352 2203 446 2248 autern
462 2192 567 2249 mirum
583 2190 662 2268 quod
676 2191 705 2248 in
720 2190 862 2248 vanitates
875 2193 915 2248 ita

155 2281 283 2350 ferebar,
294 2293 323 2336 et
334 2300 351 2338 a
362 2291 405 2350 te,
417 2285 496 2337 Deus
507 2301 596 2352 meus,
607 2280 687 2338 ibam
702 2281 787 2351 foras,
797 2281 915 2358 qnando

155 2373 229 2430 mihl
241 2369 377 2467 imitpndi
391 2369 633 2456 proponebantur
649 2373 790 2443 homines,
800 2373 851 2449 qui
864 2373 917 2431 ali-

154 2483 213 2538 qua
230 2463 306 2519 lacta
320 2481 372 2520 sua
384 2481 443 2520 non
460 2463 542 2534 mala,
553 2463 576 2520 si
591 2481 657 2522 cum
672 2461 853 2520 barbarismo
866 2477 916 2520 aut

152 2553 316 2610 soloecismo
340 2553 539 2624 enuntiarent,
561 2552 730 2631 reprehensi
751 2553 915 2632 confunde—

152 2641 277 2712 bantur;
291 2643 315 2700 si
331 2653 428 2700 autem
447 2641 582 2702 libidines
594 2664 664 2702 suns
680 2645 800 2722 integris
817 2646 915 2702 etrite

154 2730 403 2810 consequentibus
417 2731 514 2791 verbis
531 2735 649 2810 copiose
669 2745 829 2810 ornateque
848 2754 916 2792 nar-

156 2837 268 2890 rarent,
283 2823 394 2882 laudati
415 2813 635 2902 ploriabanturl
655 2823 742 2882 Vides
763 2824 836 2896 haec,
852 2829 915 2883 Do-
938 2833 949 2850 ⁸

154 2917 248 2984 mine,
265 2925 295 2971 et
314 2925 407 2986 taces,
421 2913 607 2990 longanimis,
622 2927 650 2970 et
664 2914 785 2972 multum
801 2917 915 2974 miscri-

153 3022 231 3071 cors,
255 3013 284 3057 et
303 3021 404 3059 verax.
428 3001 576 3078 Numquid
598 3021 712 3080 semper
733 3001 861 3061 tacebis?
882 3007 917 3061 Et

153 3105 230 3148 nunc
265 3090 366 3149 eruis*
391 3089 427 3148 de
454 3091 510 3147 hoc
534 3091 741 3156 immanissimo
768 3093 916 3170 profundo
955 3142 964 3156 ,

154 3193 333 3257 quaerentem
356 3194 384 3240 te
403 3183 539 3252 animam,
556 3195 585 3239 et
601 3183 745 3242 sitientem
767 3183 918 3240 delectati-

155 3291 226 3331 coes
239 3263 317 3344 tiras,
335 3285 364 3330 et
375 3271 459 3350 cujus
473 3293 523 3332 cor
537 3271 608 3330 dicit
622 3273 674 3332 tibi
688 3293 694 3329 τ
711 3273 838 3346 Quoesiri
848 3277 916 3330 vul-
