2352 4094
203 397 209 403 ,
274 341 324 386 ssu
460 339 684 390 escensuri
701 339 846 390 nrrscorr

274 440 359 498 terite
370 452 470 511 erunt;
484 453 515 498 tu
531 453 629 498 autem
642 440 722 500 idem
733 441 796 520 ipse
811 461 855 514 es,
869 452 899 499 et
910 441 980 500 anni
993 443 1046 502 tui

274 550 332 588 non
346 530 484 588 deliciunt
497 541 517 589 ¹.
532 531 608 588 Anni
621 533 663 590 tui
676 551 731 591 nec
743 544 814 590 eunt
827 551 882 590 nec
898 529 1027 591 veniunt
1032 555 1045 605 ;

273 621 322 678 isti
334 633 432 679 autem
448 607 540 680 nostri
558 634 588 680 et
604 635 675 680 eunt
692 635 722 681 et
734 621 870 696 veniunt,
885 634 919 680 ut
932 642 1043 682 omnes

274 711 490 772 veniant.Anni
511 712 554 771 tui
567 731 668 772 omnes
682 713 767 772 simul
783 725 874 784 stent,
894 713 1042 790 qnoniam

274 813 363 873 stent5
385 823 440 861 nec
459 816 560 862 euntes
581 801 799 863 evenientibus
816 803 1040 878 excluduntur,

274 894 415 970 quianon
435 907 583 954 transeunt
604 915 612 951 z
634 895 680 954 isti
707 907 805 956 autem
820 895 914 954 nostri
933 915 1039 955 omnes

275 997 374 1058 erunt,
397 1005 464 1043 cum
488 1005 589 1044 omnes
609 1005 669 1044 non
692 998 786 1044 erunt.
811 985 888 1044 Anni
908 987 951 1046 tui
972 985 1038 1048 dies

275 1095 364 1148 unus3
383 1088 413 1134 et
434 1075 495 1134 dies
516 1087 583 1134 tuus
606 1096 665 1134 non
687 1075 835 1154 quotidie,
856 1075 909 1134 sed
931 1076 1036 1149 hodie,

275 1165 344 1242 quia
356 1165 517 1224 hodiernus
530 1178 597 1224 tuus
610 1186 670 1224 non
688 1166 766 1224 cedit
779 1166 922 1238 crastin03
938 1186 1038 1244 neque

274 1255 352 1314 enim
365 1255 496 1314 succedit
513 1255 660 1314 hesterno.
676 1255 842 1316 Hodiernus
857 1268 926 1316 tuus
946 1269 1034 1316 aeter-

275 1346 366 1418 nitas;
389 1345 456 1404 ideo
484 1358 660 1406 coaetemnm
685 1347 827 1426 genuisti,
848 1347 896 1407 cui
918 1347 1035 1420 dixisti,

274 1441 337 1515 Ego
351 1439 436 1498 hodie
443 1444 531 1514 genui
544 1447 600 1496 ιε’.
615 1438 718 1498 Omnia
735 1451 870 1516 tempora
883 1450 915 1498 tu
927 1438 1034 1511 fecisti,

275 1540 304 1586 et
315 1541 381 1588 ante
399 1529 495 1588 omnia
514 1541 648 1608 tempora
661 1543 693 1590 tu
705 1549 753 1602 os,
768 1550 822 1588 neo
840 1529 940 1608 aliquo
956 1542 1032 1588 tem-

275 1638 347 1696 pore
370 1640 428 1678 non
448 1631 512 1678 erat
529 1633 660 1700 tempus..

533 1800 667 1864 CAPUT
687 1801 784 1866 xlv„

473 1949 599 2038 Temporis
616 1966 760 2018 differentiu
782 1975 839 2016 tres.

317 2119 361 2176 17.
377 2119 464 2177 Nullo
483 2139 553 2198 ergo
565 2132 697 2196 tempore
711 2115 894 2174 nonfeceras
907 2114 1034 2193 aliquid,

273 2211 341 2287 quia
352 2209 449 2289 ipsum
461 2222 576 2287 tempus
588 2221 620 2266 tu
631 2207 751 2265 feceras.
762 2209 799 2263 Et
810 2205 889 2263 nullu
902 2218 1035 2283 tempora

275 2300 329 2358 tibi
344 2311 487 2357 coaeterne
498 2311 574 2369 sunt,
584 2296 654 2374 quia
665 2308 697 2355 tu
713 2314 865 2374 permanes
880 2316 887 2351 ε
903 2307 932 2353 at
946 2294 997 2352 illa
1010 2297 1035 2353 si

273 2402 489 2468 permanerent,
506 2409 565 2446 non
584 2400 680 2454 essent
698 2399 838 2464 tempora.
858 2385 936 2459 Quid
955 2385 1034 2444 enim

273 2494 316 2542 est
331 2479 542 2558 tempusiQuis
553 2480 610 2538 hoc
627 2479 711 2538 facile
728 2477 917 2554 breviterque
936 2477 1032 2556 expli-

273 2574 400 2633 caverit?
413 2573 484 2648 Quis
498 2573 569 2643 hoc,
580 2569 751 2630 adverbum
766 2569 803 2628 de
814 2569 865 2627 illo
884 2570 1033 2647 proferen-

270 2667 354 2740 dum,
379 2667 426 2725 vel
451 2664 623 2742 cogitatione
654 2660 928 2741 comprehenderit?
954 2661 1033 2735 Quid

271 2773 367 2817 autem
387 2756 557 2817 familiarius
577 2768 612 2824 et¹
625 2755 721 2814 notius
738 2754 768 2811 in
786 2750 935 2828 loquendo
953 2771 1032 2810 com-

270 2867 465 2908 memoramus
477 2867 565 2925 quam
580 2845 713 2924 tempus?
724 2847 760 2900 Et
773 2840 961 2918 intelligimus
974 2841 1032 2900 utiss

269 2960 327 3017 que
345 2959 412 2997 cum
427 2937 457 2996 id
476 2937 641 3015 loquimur,
657 2931 843 3009 intelligimus
857 2930 944 2990 ctiam
965 2949 1030 2989 cum

306 3095 389 3147 ¹Psel.
402 3111 440 3155 or,
460 3096 502 3144 28.
518 3119 553 3130 ·-·
566 3091 651 3144 ²Pssl.
663 3107 695 3152 11,
709 3095 732 3151 73
745 3087 822 3140 Hebr.
833 3105 857 3149 v,
872 3092 896 3135 5.
