2354 4034
327 490 580 542 CONFESSIONUM
598 492 694 540 LIBER
711 492 782 540 xlii.
884 495 934 542 ⁴59

171 593 339 654 meandum
354 612 458 670 genus3
476 594 540 665 sed,
560 596 611 650 Ad
622 595 778 670 imaginem
792 607 821 651 et
831 599 939 660 simili,-¹

169 689 297 743 tudinem
312 698 446 742 nostram.
472 688 570 754 Mente
589 685 700 762 quippe
721 697 892 755 renovatus,
907 697 937 744 et

172 776 353 855 conspiciens
364 775 537 840 intellectam
548 775 701 860 veritatem
715 788 804 848 tuam,
817 775 936 834 homine

171 867 404 928 demonstratore
415 885 474 924 uon
483 865 608 944 indigem*
622 878 655 924 ut
668 885 754 925 suum
768 884 859 942 genus
868 866 936 924 imi-

173 971 267 1030 tetur;
280 957 333 1017 sed
351 957 568 1016 demonstrante
583 971 612 1016 te
623 956 731 1036 probat
744 958 806 1034 ipse
818 967 884 1034 quae
898 958 937 1016 sit
1005 1027 1011 1040 s

171 1051 308 1109 voluntas
325 1061 388 1121 tua,
407 1046 488 1126 quod
502 1047 614 1108 bonum
630 1060 660 1106 et
672 1046 890 1126 beneplacitum
907 1061 937 1106 et

172 1139 336 1218 perfectum
349 1160 357 1196 ι
369 1150 399 1198 et
414 1137 502 1198 doces
513 1159 580 1197 eum
589 1136 603 1162 *
612 1137 674 1217 jam
685 1158 823 1216 capacem
834 1138 937 1198 videre

172 1230 345 1290 Trinitatem,
352 1231 472 1296 unitatis
479 1274 488 1303 ,
496 1243 529 1289 et
535 1230 675 1290 unitatem
685 1230 841 1292 Trinitatis.
852 1231 938 1292 Ideo-

172 1342 230 1400 que
249 1322 404 1400 pluraliter
422 1321 516 1396 dioto,
532 1325 684 1382 Faciamus
701 1324 854 1395 inanimem,
872 1323 935 1383 sin-

172 1414 313 1492 gulariter
327 1426 423 1472 tamen
437 1413 579 1484 infertur,
599 1417 640 1470 Et
657 1411 732 1486 serit
750 1417 828 1470 Deae
841 1414 936 1470 iomi-

173 1525 257 1574 uem,·
271 1517 301 1562 et
311 1504 465 1581 pluraliter
475 1503 563 1575 dicto,
573 1505 624 1560 Aa
633 1509 789 1579 imaginem
798 1518 935 1580 nostram,

174 1595 360 1673 singulariter
385 1595 531 1666 infertur,
559 1597 602 1651 ad
623 1601 776 1670 imaginem
805 1599 867 1652 Dei.
892 1602 937 1656 lta

174 1687 264 1746 homo
281 1699 440 1744 renovatur
452 1687 484 1744 in
497 1686 675 1764 agnitionem
689 1685 761 1759 Dei,
775 1688 937 1748 secundum

174 1779 328 1857 imaginem
341 1777 467 1858 ejusqui
481 1779 593 1839 creavit
601 1789 690 1838 eum¹
710 1799 717 1836 t
733 1791 762 1838 et
776 1780 936 1857 spiritualia

173 1869 296 1929 effectus
312 1868 429 1947 judicat
449 1867 563 1942 omnia,
579 1861 644 1947 quaa
657 1871 761 1946 utique
777 1868 937 1946 judicanda
952 1857 957 1867 ’

173 1965 257 2032 sunt3
275 1959 337 2039 ipse
350 1973 448 2020 autem
463 1979 480 2018 a
495 1961 611 2020 nemine
624 1959 785 2036 judicatur.

398 2103 548 2198 'meur
569 2128 692 2190 xxiii.

174 2294 203 2341 ln
221 2293 334 2344 eumdem
348 2276 516 2344 versiculum:
529 2297 563 2344 Et
578 2292 666 2362 prasii
677 2287 785 2363 piscibus
804 2293 877 2341 maris
891 2302 937 2343 etc.

345 2383 382 2430 De
400 2377 489 2445 quibus
506 2377 653 2428 christianus
668 2375 769 2443 judicet.

215 2527 262 2585 ³3.
276 2528 369 2602 Quod
379 2529 477 2604 ἡᾳιη
488 2526 604 2606 judicat
615 2525 726 2596 omnia,
738 2527 795 2583 hoc
806 2525 938 2602 estquod

175 2615 264 2675 habet
288 2603 476 2696 potestatem·
489 2617 613 2694 piscium
642 2616 750 2686 maris,
774 2629 804 2673 et
829 2617 938 2674 volati-

175 2706 246 2764 lium
261 2707 343 2779 coeli,
358 2719 388 2764 et
399 2706 530 2764 omnium
540 2699 683 2783 pecorum
702 2717 730 2762 et
748 2707 890 2779 ferarum,
911 2720 939 2764 et

175 2797 385 2870 eranistem,
405 2809 435 2855 et
459 2796 591 2854 omnium
615 2795 781 2872 repentium
807 2815 872 2874 quae
893 2817 940 2856 re—

176 2899 251 2961 pant
271 2907 360 2966 super
376 2899 493 2946 terram.
516 2890 579 2944 Hoc
603 2886 680 2944 enim
703 2885 763 2963 agit
781 2905 835 2964 per
853 2905 938 2946 men-

177 2975 213 3032 tis
236 2976 432 3048 intellectum,
454 2965 509 3054 per
530 2995 619 3054 quem
643 2976 770 3055 percipit
790 2991 940 3055 quaesunt

176 3066 302 3144 Spiritus
314 3068 368 3126 Dei
377 3078 398 3124 ².
409 3068 527 3146 Alioqui
542 3067 632 3126 homo
644 3067 674 3126 iu
688 3068 800 3126 honere
815 3070 939 3146 positus,
960 3117 963 3121 .

214 3247 223 3271 ¹
239 3241 335 3298 Germ,
351 3243 397 3301 273
415 3240 505 3290 Colosa.
522 3256 564 3300 ur,
581 3201 692 3288 tow—¹²
704 3243 716 3288 1
729 3241 784 3290 cor.
798 3257 830 3299 ιι,
843 3243 883 3290 tt.
