2356 4018
244 459 294 507 ma
426 459 452 506 s.
470 458 653 508 auonsrnu
670 437 821 512 nrrscom'

239 578 342 637 pacem
365 570 460 628 tuam,
473 558 524 616 sed
542 559 669 616 insanias
690 562 857 634 mendaces,
875 566 999 626 et'bella

239 651 382 720 forensia,
395 663 594 715 mercarentur
610 670 648 708 cx
669 671 720 709 ore
733 671 799 710 meo
812 673 892 712 arma
904 656 998 715 furori

238 761 301 799 sno.
316 745 353 797 Et
363 752 527 818 opportune
538 739 599 817 jam
619 743 788 819 paucissimi
809 741 871 812 dies
891 765 996 825 snper-

238 843 319 890 erant
342 828 379 887 ad
394 827 583 887 vindemiales
599 830 701 903 ferias,
721 843 749 890 et
763 829 853 891 statui
873 836 997 895 tolerare

236 923 302 980 illos
315 934 348 978 ut
359 919 525 978 solemniter
538 919 742 994 abscederem,
757 935 786 980 et
799 923 966 1003 redemptus
980 948 997 985 a

237 1011 347 1087 tejam
367 1030 426 1067 non
451 1009 578 1096 redirem
600 1011 720 1068 venalis.
742 1010 900 1072 Consilium
926 1037 997 1094 ergo

235 1116 366 1162 nostrum
389 1113 451 1159 erat
472 1098 569 1158 coram
588 1112 629 1172 te;
644 1121 742 1160 coram
754 1102 923 1163 hominibus
938 1127 1006 1176 au·¹
1026 1167 1029 1170 ,

236 1208 310 1264 tem,
338 1193 394 1251 nisi
423 1192 542 1262 nostris,
569 1185 628 1249 non
657 1205 734 1250 erat.
755 1197 799 1250 Et
821 1213 995 1258 convenerat

234 1286 310 1342 inter
340 1304 393 1340 nos
417 1302 455 1340 ne
483 1281 590 1367 passim
619 1282 757 1358 cuiquam
781 1283 995 1362 effunderetur,

235 1391 402 1450 quanquam
434 1383 466 1428 tu
496 1369 580 1428 nobis
613 1390 629 1427 a
659 1372 790 1448 convalle
822 1374 993 1454 plorationis

233 1462 492 1532 ascendentibus,
512 1473 541 1518 et
556 1443 743 1520 cantantibus
763 1463 906 1524 canticum
924 1487 992 1544 gra-

233 1555 334 1625 duum,
348 1554 469 1611 dederas
481 1551 598 1628 sagittas
614 1563 728 1624 acutas,
741 1567 770 1611 et
783 1554 923 1615 carbones
935 1578 990 1616 va

232 1658 353 1704 statores
378 1643 517 1702 adversus
543 1643 672 1719 linguam
692 1643 883 1718 subdolam²,
911 1649 992 1706 velut

232 1736 408 1795 eonsulendo
423 1731 681 1804 contradicentem,
694 1746 731 1805 et,
744 1733 819 1792 sic'ut
831 1735 993 1795 cibum
945 1759 991 1796 as-

231 1828 316 1898 solet,
330 1825 454 1884 amando
471 1835 696 1882 consumentem

271 1919 299 1974 3.
315 1913 551 1993 sagittaveras'tu
564 1932 615 1969 cor
626 1905 764 1979 nostrum
771 1912 912 1974 charitate
924 1931 988 1989 tua,

190 2045 193 2050 >
230 2021 259 2066 et
277 2005 461 2084 gestabamus
474 2002 566 2060 verba
582 2015 632 2075 tua
654 2004 791 2062 transfixa
810 2005 988 2081 visceribus,

230 2110 259 2154 ot
274 2097 408 2174 exempla
426 2096 578 2152 servorum
598 2104 730 2164 tuorum,
745 2113 818 2170 quos
839 2095 876 2153 de
897 2096 988 2172 nigris

228 2187 357 2256 lucidos,
373 2183 452 2243 etde
471 2183 593 2240 mortuis
606 2183 689 2242 vivos
709 2184 833 2254 feceras,
852 2198 985 2261 congesta

226 2279 257 2335 in
271 2279 366 2334 sinum
384 2273 567 2349 cogitationis
588 2286 692 2330 nostrae
709 2274 833 2332 urebant
849 2287 877 2333 et
895 2275 983 2334 absu-

225 2365 345 2436 mebant
359 2382 478 2440 gravem
496 2374 644 2439 torporem
652 2406 660 2434 ,
678 2385 714 2422 ne
728 2365 760 2422 in
774 2365 833 2422 ima
850 2385 986 2444 vergere-

226 2474 290 2522 mus
300 2453 330 2525 *3
345 2467 374 2512 et
389 2449 586 2520 accendebant
599 2471 651 2510 nos
665 2451 777 2525 valide,
792 2467 825 2511 ut
841 2457 934 2514 omnis
948 2479 984 2516 cx

198 2527 325 2620 'lingua
350 2541 475 2600 subdola
500 2529 737 2600 contradictionis
760 2542 844 2602 flatus
867 2545 983 2604 inflam-

225 2654 305 2693 mare
320 2653 372 2690 nos
396 2631 495 2708 acrius¹
505 2643 615 2711 posset,
633 2653 690 2689 non
709 2633 902 2710 exstinguere.
924 2641 981 2695 Ve-

224 2738 388 2782 rumtamen
410 2723 479 2800 quia
505 2735 626 2801 propter
651 2743 756 2802 nomen
782 2737 878 2797 tuum,
892 2728 982 2802 ,quod

223 2814 410 2887 sanctificasti
429 2833 482 2891 per
500 2827 606 2886 terras,
627 2814 714 2871 etiam
735 2814 910 2873 laudatores·
923 2819 984 2875 uti,-

223 2921 281 2978 que
304 2901 427 2958 haberet
446 2914 548 2962 votum
569 2915 599 2960 et
621 2897 805 2981 propositum
832 2917 980 2979 nostrum,

220 2987 368 3066 jactantiae
389 2989 483 3046 simile
507 2990 663 3048 videbatur
687 3009 745 3048 non
767 2992 897 3070 opperiri
922 3009 984 3069 tam,

258 3195 267 3222 ¹
281 3185 344 3237 Psal.
356 3201 462 3252 nxxntn,
477 3195 507 3249 a,
520 3191 544 3238 7.
555 3216 587 3226 -
605 3196 615 3222 ²
627 3187 691 3256 psal.
707 3203 778 3248 cau,
792 3194 844 3263 Μ.
