2354 4034
343 473 595 559 courasuouuu
612 505 708 554 emta
725 505 795 554 xnr.
907 505 955 552 tot

192 606 256 664 noti
271 619 351 681 sunt,
370 619 403 666 et
417 607 504 674 nullis
530 606 627 664 adbuc
649 603 735 663 nobis
758 617 959 682 apparuerunt

190 697 343 777 operibus,
360 712 395 758 ut
409 719 446 757 ex
460 697 605 757 intctibus
618 716 725 754 eorum
744 713 954 774 cognoscamus

192 810 244 849 eos
255 799 283 846 ¹:
301 791 353 849 sed
367 804 408 863 tu,
423 790 558 862 Domine,
574 787 706 866 jamscis
723 806 772 846 eos
786 800 816 870 et
831 786 958 846 divisisti

192 894 223 941 et
240 882 353 940 vocasti
376 882 406 940 in
430 881 561 952 occulto,
576 881 735 956 nnthuam
755 878 838 936 fieret
860 878 960 936 firma-

192 985 333 1030 mentum.
348 975 452 1049 Neque
465 970 501 1029 de
513 968 641 1031 turbidis
653 968 741 1046 hujus
751 967 851 1028 saeculi
861 987 959 1046 popu-

192 1063 227 1122 lis
243 1061 430 1142 quanquam*
451 1062 610 1141 spiritualis
627 1061 716 1119 bomo
736 1059 860 1137 judicat.
880 1060 958 1134 Quid

191 1154 268 1212 enim
281 1155 308 1214 ei
329 1155 365 1214 de
379 1155 414 1213 iis
435 1155 487 1233 qui
506 1154 578 1212 foris
598 1166 667 1212 sunt
684 1151 858 1231 judicare2,
876 1153 959 1231 igno·

192 1247 268 1304 ranti
281 1247 347 1325 quis
363 1245 431 1304 inde
445 1258 587 1304 venturus
601 1245 638 1304 sit
650 1245 681 1302 in
694 1243 879 1302 dulcedinem
890 1261 958 1321 gra-

192 1336 321 1408 licetne,
340 1336 449 1415 etquis
469 1337 500 1394 in
517 1349 661 1414 perpetua
674 1334 833 1412 impietatis
853 1336 958 1393 amari-

192 1425 294 1484 tudine
312 1425 518 1485 remansurus?

168 1593 170 1598 Ι
231 1514 280 1574 34.
294 1515 426 1592 Ideoque
439 1515 530 1573 homo
542 1532 630 1590 quem
642 1513 736 1571 iecisti
751 1511 788 1570 ad
801 1514 957 1593 imaginem

192 1617 288 1679 tuam,
299 1625 358 1663 non
367 1605 482 1683 accepit
491 1616 666 1683 potestatem
674 1603 862 1663 luminarium
871 1607 936 1666 coeli
947 1650 956 1676 ,

189 1715 288 1774 ,neque
302 1696 394 1774 ipsius
409 1696 519 1755 occulti
531 1695 611 1767 coeli,
626 1714 721 1772 neque
737 1694 795 1753 diei
808 1698 956 1771 emostis,

190 1801 257 1865 quae
280 1798 347 1846 aute
373 1787 438 1846 coeli
460 1786 697 1846 constitutionem
715 1786 839 1858 vocasti,
861 1807 956 1865 neque

190 1877 426 1958 congregationis
439 1879 580 1958 aquarum
593 1876 678 1955 quod·
686 1889 729 1935 est
743 1889 838 1949 more3
849 1877 900 1936 sed
911 1898 957 1938 ac·

191 1970 270 2047 cepit
286 1981 462 2048 potestatem
481 1970 607 2049 piscium
623 1967 728 2041 maris,
748 1979 778 2026 et
791 1968 956 2028 volatilium

189 2061 271 2134 coeli,
288 2073 317 2120 et
331 2061 460 2120 omnium
481 2059 640 2140 pecorum,
654 2073 683 2118 et
700 2060 792 2118 omnis
809 2072 907 2135 terrae,
925 2075 956 2120 et

189 2154 320 2212 omnium
340 2155 505 2232 repentium
520 2167 586 2232 quae
605 2165 714 2232 repunt
731 2165 953 2230 superterram.

113 2246 116 2252 “
188 2242 306 2303 Judicat
323 2245 418 2317 enim;
437 2258 467 2304 et
477 2243 626 2324 approbat
639 2242 718 2322 quod
733 2256 827 2316 recte,
841 2246 954 2324 impro-

187 2334 241 2394 bat
255 2349 352 2396 autem
375 2337 456 2416 quod
472 2357 629 2416 perpetem
643 2336 790 2396 invenerit
811 2357 818 2393 ε
840 2337 901 2396 sive
923 2337 953 2396 in

188 2446 223 2486 ea
239 2428 422 2488 solemnitate
437 2440 684 2488 sacramentorum
705 2427 813 2505 quibus
838 2428 954 2488 initian-

188 2529 246 2591 tur,
258 2537 332 2594 quos
343 2521 521 2598 pervestigat
534 2521 565 2578 in
580 2518 663 2596 aquis
677 2519 776 2576 multis
791 2517 953 2576 misericor-

188 2605 238 2664 dia
253 2618 320 2679 tua3
335 2608 398 2665 sive
415 2607 446 2664 in
465 2627 501 2665 ea
520 2625 579 2684 qua
598 2606 649 2664 ille
669 2605 757 2683 piscis
781 2603 952 2677 exhibetur,

187 2717 276 2775 quem
289 2698 419 2756 levatum
435 2696 472 2755 de
486 2696 637 2776 profundo
651 2707 729 2752 terra
745 2694 795 2771 pia
809 2695 951 2766 comedin

186 2787 247 2846 sive
264 2788 295 2845 in
315 2787 475 2846 verborum
495 2787 584 2866 signis
603 2785 786 2863 vocibusque
811 2785 951 2864 subjectis

186 2879 354 2939 auctoritati
370 2877 453 2937 Libri
467 2879 514 2936 tui
531 2890 670 2956 tanquam
692 2876 747 2935 sub
768 2873 950 2938 firmamento

186 2967 390 3040 volitantibus,
413 2967 648 3047 interpretando,
662 2966 849 3046 exponendo,
862 2968 951 3028 disse·

185 3057 294 3130 reodo,
311 3059 504 3139 disputando,
526 3058 730 3118 benedicendo
755 3072 843 3136 etque
861 3059 948 3119 invo-

221 3258 231 3286 ¹
243 3249 334 3302 Matth.
342 3267 393 3316 ru,
408 3255 450 3301 20.
466 3279 501 3288 -
512 3261 522 3288 ²
539 3255 551 3301 1
563 3252 619 3302 Cor.
631 3265 654 3308 v,
672 3251 711 3302 12.
