2316 4020
160 405 196 425 ·’
250 429 299 480 tsi
334 465 341 473 .
428 431 457 504 s5
475 424 818 493 incusetur-emenoni

245 525 320 587 cide
330 529 542 603 benevolentia,
552 531 598 590 vel
606 529 674 607 J'ure
685 511 1003 607 magisterianus]

246 621 321 680 enim
335 640 402 680 eum
419 621 455 678 de
476 641 522 678 me
542 628 608 679 cum
629 619 851 698 patreseutire3
869 620 918 678 ille
933 641 1006 682 vero

245 718 303 768 hon
322 712 366 770 sie
382 723 452 768 erat
473 697 578 788 itaque
597 699 759 788 fiestpositn
771 711 806 788 iu
826 707 881 770 hac
902 731 934 771 re
951 731 1005 789 pu—

247 802 297 860 tris
318 802 483 874 voluntate,
506 801 631 862 salutare
654 797 701 859 ine
716 806 863 879 ,coeperei‚
885 802 1005 862 veniens

184 931 187 938 «
243 893 472 972 innuditorium
492 890 603 966 meum,‘
622 893 769 952 eraudire
786 892 895 970 aliquid
916 905 1007 970 atque

246 981 337 1040 ubire.
732 989 748 1022 ³

290 1071 333 1128 12.
355 1071 412 1130 Sed
429 1071 506 1130 ern'm
522 1072 559 1131 de
573 1071 714 1132 mineris
727 1050 802 1130 mihi
811 1073 924 1156 lapsum
941 1087 1005 1131 erat

228 1158 331 1242 ‘agere
347 1182 414 1220 cum
427 1162 492 1234 illo,
505 1183 542 1220 ne
563 1180 705 1222 vanorum
725 1163 863 1234 ludorum
882 1183 958 1222 caeeo
975 1177 1006 1222 et

244 1253 498 1334 praecipiti-studio
517 1266 576 1312 tarn
596 1251 707 1312 bonum
725 1254 905 1313 interimeret
921 1245 1005 1331 iug'e-

245 1339 458 1417 nium.'Verum
475 1355 587 1417 autem,
599 1344 738 1422 Domine,
752 1357 785 1402 tu
799 1343 850 1420 qui
865 1343 1008 1422 praesides

246 1433 450 1510 gubernaculis
470 1435 599 1493 omnium
622 1453 688 1511 quae
709 1423 828 1505 creasti,
849 1451 908 1494 nun
935 1453 1005 1492 eum

142 1569 147 1576 .
245 1521 356 1603 obiitus
369 1534 433 1584 etus
444 1525 575 1584 futurum
588 1525 665 1584 inter
678 1525 755 1582 filios
767 1536 833 1583 tuos
847 1520 1005 1584 antistitem
1031 1593 1037 1606 Ι

245 1615 419 1678 secramemi
436 1615 498 1688 .tui;
523 1629 603 1676 et=ut
626 1628 726 1694 aperte
748 1613 802 1672 tibi
825 1602 1025 1676 tribueretur?

245 1705 309 1781 ejus
325 1705 480 1779 eorrectio,
494 1718 551 1785 per
569 1726 615 1764 me
628 1705 748 1783 quidem
765 1705 861 1776 illam,
877 1701 933 1780 ‚sed
950 1723 1029 1780 nee,

245 1796 384 1854 scientem
409 1809 546 1874 operatus
566 1817 604 1856 es.
628 1800 702 1857 Nem
723 1793 852 1872 quodem
867 1794 914 1852 die
935 1809 1005 1852 eum

245 1885 377 1945 sederem
392 1889 459 1946 loeo
473 1888 573 1960 solitu,
586 1899 617 1945 et
629 1889 728 1944 c'oram
748 1904 795 1945 me
809 1885 941 1944 adessent
957 1883 1005 1941 dia
1021 1889 1029 1902 ⁸

242 1959 364 2052 scipuli,
377 1977 469 2048 uenit,
481 1976 630 2052 salutauit,
645 1968 732 2047 sedit,
747 1987 835 2050 atque
844 1973 878 2030 'in
893 1991 926 2030 en
937 1989 1004 2050 quae

245 2063 406 2142 amnentur
425 2053 552 2124 erinium
570 2065 717 2123 intendit:
732 2069 762 2122 et
779 2066 859 2122 sorte·
871 2063 1004 2122 tectioin

244 2154 379 2212 munibus
394 2167 469 2224 erat,
490 2166 580 2236 guam
598 2153 670 2212 dum
688 2173 879 2232 exponerem,
898 2167 928 2212 et
946 2173 1004 2232 op-

244 2253 369 2319 ponune
388 2240 460 2316 mihi
480 2243 649 2302 edhibenda
671 2245 822 2305 videretur
841 2245 1004 2321 similitudo

244 2323 435 2410 Circensium,
452 2345 511 2411 qut)
525 2332 599 2392 ittud
614 2333 692 2410 tfuod
707 2331 893 2392 insinuaiiam
907 2347 935 2392 et
949 2333 1002 2412 ju-

244 2421 367 2482 cundius
378 2436 407 2482 et
418 2425 532 2502 plurius
545 2421 636 2498 fieret,
649 2444 717 2483 cum
726 2425 862 2484 irrisione
872 2425 1003 2484 mordaci

243 2530 345 2588 eertum
367 2509 441 2592 q'uos
461 2514 511 2573 illa
533 2515 707 2593 edptivasset
729 2515 857 2588 insunia;
879 2527 911 2574 tu
930 2514 1005 2589 seis,

242 2607 322 2662 Deus
335 2605 539 2683 nosterjquud
554 2619 624 2675 tum
639 2605 675 2664 de
686 2606 792 2684 Alypio
809 2605 847 2664 nb
859 2607 908 2664 illa
921 2619 1003 2684 peste

243 2696 372 2756 sanando
391 2693 450 2755 rien
468 2697 666 2788 cogitaverim.
681 2702 720 2758 At
732 2698 782 2756 ille
795 2697 826 2756 in
839 2717 870 2756 se
886 2697 1002 2775 rapuit,

242 2801 348 2861 meque
362 2787 436 2846 iilud
448 2805 509 2846 non
526 2788 582 2848 nisi
599 2800 722 2870 propter
740 2807 770 2847 se
782 2788 889 2847 dixisse
903 2787 1003 2848 credi·

243 2872 293 2930 dit.
309 2879 346 2932 Et
359 2879 531 2954 quodetius
551 2879 697 2957 acciperet
714 2879 752 2937 nd
772 2879 1003 2938 succensendum

242 2964 325 3038 mihi,
334 2970 447 3054 aceepit
456 2970 594 3042 honestus
604 2970 817 3040 adolescensad
829 2991 1004 3030 succensen-

241 3055 312 3114 dum
322 3057 392 3131 sibi,
405 3060 481 3118 etad
491 3081 538 3120 me
552 3059 702 3120 ardentius
715 3061 905 3139 diligendum.
915 3061 1004 3120 Dine·

242 3166 289 3208 ras
296 3149 373 3208 enim
384 3163 416 3209 tu
423 3150 484 3228 jem
492 3153 571 3229 elue,
578 3167 608 3212 et
615 3154 791 3214 innexueras
800 3154 917 3214 Litteris
926 3152 1002 3212 tuis:
