2356 4018
251 436 302 482 252
337 485 342 492 ⁸
434 431 458 480 S.
478 429 659 482 AUGUSTINI
676 430 822 480 uslscotu

250 529 438 594 excruciabas
450 543 510 602 me'3
522 543 551 590 et
563 551 628 590 cum
640 531 782 588 intantum
794 530 1008 608 ingravesceret

250 613 283 683 ut
302 642 362 683 non
379 622 506 680 valerem
526 620 621 698 loqui,
638 619 768 680 ascendit
788 621 818 678 in
832 611 889 679 'cor
909 639 1005 680 meum

249 714 408 774 admouere
422 731 522 770 omnes
537 731 616 770 meos
629 711 681 788 qui
698 709 832 781 aderent,
847 723 879 768 ut
898 697 1003 791 depre—

249 814 385 862 carentur
399 813 426 858 te
438 805 497 879 pr'o
513 819 573 871 me,
587 805 682 860 Deum
703 798 803 858 salutis
821 800 1003 860 omnimodae.

247 895 284 950 Et
296 891 399 970 scripsi
412 890 512 950 hocin
527 907 608 962 cera,
622 903 651 950 et
663 889 731 948 dedi
743 901 776 948 ut
792 890 834 948 eis
852 889 1004 968 legeretur.

247 987 316 1042 Mox
338 995 372 1041 ut
392 1001 488 1059 genua
507 980 633 1060 supplici
653 980 760 1056 affectu
783 980 911 1051 fiximus
934 981 1008 1060 fugit

245 1072 336 1132 dolor·
344 1072 404 1133 ille.
418 1071 475 1133 Sed
491 1072 557 1149 quis
570 1071 672 1130 dolor?
684 1082 734 1130 aut
745 1069 894 1146 quomodo
913 1071 1008 1150 fugit?

247 1165 373 1243 Expnvi,
388 1164 490 1234 fateor,
506 1163 632 1221 Domine
646 1181 740 1232 meus,-
754 1165 833 1220 Deus
848 1181 929 1222 meus
934 1183 943 1234 3
955 1163 1004 1221 ni*

245 1255 288 1313 lul
300 1256 377 1313 enim
391 1255 448 1312 tale
461 1253 499 1312 ab
510 1253 629 1312 ineunte
640 1263 724 1310 aetate
735 1265 871 1330 expertus
882 1253 1003 1314 fueram.

246 1347 282 1400 Et
300 1342 439 1401 insinuati
457 1355 524 1402 sunt
540 1342 614 1402 mihi
630 1341 662 1400 in
677 1341 826 1420 profundo
841 1356 929 1402 nume
946 1345 1002 1416 tui;

246 1447 277 1494 et
295 1435 428 1514 gaudens
446 1436 477 1496 in
502 1434 561 1493 lide
579 1433 698 1492 landari
721 1439 828 1493 nomen
852 1448 943 1494 tuum.
969 1439 1005 1494 Et

245 1544 281 1584 ee
295 1525 368 1584 fides
381 1546 427 1586 me
440 1543 576 1586 securum
589 1543 652 1583 esse
668 1543 729 1582 non
745 1523 858 1583 sinebat
875 1524 912 1584 de
927 1543 1003 1604 prae-

247 1615 338 1674 teritis
350 1603 477 1695 peccatis
490 1617 576 1688 meis,
591 1635 656 1694 que
669 1615 743 1673 mihi
755 1635 809 1694 per
821 1616 1000 1694 Baptismutn

247 1717 329 1766 mum
343 1705 463 1768 remissa
476 1705 608 1768 noudum
622 1716 713 1765 erent.

525 1859 660 1932 CAPUT
680 1869 739 1934 Vs

370 2019 527 2070 Ambrosium
543 2015 648 2082 consulit
665 2016 725 2083 quid
739 2017 874 2083 legendum.

286 2157 331 2216 13.
352 2158 542 2231 Renuntiavi,
561 2158 687 2236 peractis
707 2155 948 2232 vindemialibus,
966 2174 999 2218 ut

242 2247 421 2312 scholasticis
432 2249 491 2308 suis
502 2247 732 2307 Mediolanenses
740 2247 923 2306 venditorem
931 2267 998 2308 ver·

241 2335 347 2395 borum
361 2337 450 2396 alium
461 2336 663 2416 providerent3
676 2337 757 2415 quod
769 2350 798 2396 et
811 2337 865 2396 tihi
877 2355 931 2415 ego
942 2356 1001 2397 ser·-

240 2426 304 2484 vire
318 2426 496 2506 delegissem,
509 2441 538 2486 et
550 2427 594 2486 illi
607 2426 792 2506 professioni,
805 2448 867 2507 prae
877 2427 1001 2489 difficul-

241 2509 299 2574 ta'te
311 2517 443 2596 spirandi
454 2539 488 2578 uc
500 2518 601 2578 dolore
611 2519 749 2597 pectoris,
757 2539 815 2577 nou
825 2521 998 2582 sufficerem.

240 2605 434 2666 Etinsinuavi
447 2629 501 2688 per
512 2609 623 2667 litteras
634 2607 756 2666 antistiti
772 2620 836 2679 tuo,
851 2609 915 2691 viro
929 2626 998 2669 san-

241 2707 288 2755 cto
308 2697 464 2758 Ambrosio
483 2699 621 2778 pristinos
639 2717 753 2758 errores
768 2717 857 2774 meos,
871 2712 900 2758 et
920 2720 998 2778 prae-

239 2805 305 2846 sens
316 2801 416 2848 votum
428 2811 538 2864 meum,
551 2803 583 2849 ut
592 2802 722 2849 moneret
732 2789 804 2867 quid
816 2790 998 2869 potissimum
1026 2833 1031 2840 -

240 2877 312 2936 nihi
326 2877 363 2936 de
375 2878 471 2938 Libris
482 2881 540 2940 tuis
552 2880 707 2960 legendum
725 2892 813 2953 esset,
827 2899 887 2958 quo
903 2885 1002 2974 perci·

238 2964 353 3044 piendae
366 2980 453 3028 unte
462 2969 565 3047 ¹gretie
577 2973 707 3050 paratior
719 2971 874 3050 aptiorque
888 2973 998 3034 fierem.

237 3059 277 3113 tt
295 3055 344 3116 ille
360 3055 448 3134 jussit
466 3060 570 3118 Isaiam
590 3062 777 3140 prophetam
798 3061 899 3136 credo,
918 3064 1002 3140 quod
1063 3069 1066 3074 '

237 3162 299 3222 prae
320 3147 431 3206 caeteris
452 3147 601 3227 Evangelii
620 3150 839 3228 vocationisque
857 3153 998 3213 Gentium
