2352 4094
345 498 594 550 CONFESSIONUM
612 499 707 548 LIBER
725 499 771 548 11.
885 503 935 550 383

176 597 298 661 audebit
322 600 388 678 quis
417 601 515 660 dicere
541 601 637 660 metiri
657 620 743 680 posse
766 600 847 679 quod
877 621 937 661 non

176 704 228 750 est.
246 693 319 750 Cum
336 709 407 768 ergo
425 690 556 770 preterit
570 703 701 770 tempus,
715 691 817 750 sentiri
829 703 858 750 et
872 711 936 751 me-

178 783 226 841 tiri
248 794 361 861 potest3
384 802 452 841 cum
473 795 571 842 autem
588 784 780 862 praeterierit,
798 785 935 861 quoniam

180 891 238 930 non
252 885 307 945 est,
320 891 378 931 non
391 884 496 952 potest.

379 1065 385 1070 ·
426 1049 559 1115 orror
579 1035 685 1115 xvu.

282 1183 285 1194 K
306 1214 355 1265 Ubi
373 1221 467 1282 ternpus
483 1213 632 1282 preteritum
650 1222 675 1264 et
690 1214 806 1265 futurum.

219 1371 268 1430 22.
281 1377 396 1449 Quaero,
411 1375 505 1444 Pater,
517 1391 576 1430 non
589 1372 702 1430 affirmo
719 1394 725 1429 ε
741 1377 820 1432 Deus
836 1395 935 1449 meus,

179 1463 302 1543 praeside
320 1463 392 1522 mihi
409 1475 437 1521 et
454 1482 522 1540 rege
541 1483 597 1522 me.
611 1464 749 1538 Quisnam
763 1467 870 1543 estqui
886 1467 933 1526 di-

178 1566 227 1613 cat
240 1554 313 1612 mihi
327 1571 385 1610 non
399 1571 461 1610 esse
473 1553 529 1610 tria
541 1563 687 1629 tempora,
700 1553 775 1611 sicut
786 1556 871 1632 pueri
886 1557 934 1615 di-

177 1643 320 1716 dicimus,
349 1661 515 1721 puerosque
543 1639 711 1714 docuimus,
736 1644 933 1722 praeteritum,

177 1752 304 1813 praesens
337 1746 366 1792 et
397 1731 549 1806 futurum3
577 1731 628 1792 sed
656 1745 767 1791 tantum
794 1755 935 1813 praesrns,

179 1825 319 1902 quoniam
335 1825 386 1884 illa
409 1825 469 1883 duo
483 1844 542 1883 non
562 1825 648 1882 sunt?
664 1827 710 1882 An
728 1819 757 1884 et
770 1825 834 1904 ipsa
851 1842 933 1901 sunt,

180 1914 231 1976 sed
252 1937 289 1976 ex
309 1915 410 1994 aliquo
434 1914 567 1995 procedit
584 1915 714 1989 occulto,
733 1936 800 1974 cum
825 1937 862 1975 ex
887 1919 934 1976 fu—

181 2018 247 2065 turo
267 2007 301 2064 fit
320 2026 461 2086 praeseus3
478 2006 550 2066 etin
564 2004 684 2083 aliquod
698 2007 809 2066 recedit
831 2011 933 2067 occul-

180 2108 255 2170 tum,
279 2117 345 2158 cunr
371 2118 408 2157 ex
424 2097 563 2176 praesenti
582 2095 614 2154 fit
641 2097 841 2174 praeteritum?
861 2103 935 2156 Nam

179 2186 231 2246 ubi
246 2208 281 2247 ea
296 2187 433 2246 viderunt
451 2188 502 2266 qui
516 2187 615 2246 futura
631 2187 807 2260 cecinerunt,
817 2189 845 2266 ¹si
862 2207 935 2246 nou-

179 2277 249 2338 dum
270 2280 355 2338 sunt?
369 2281 471 2363 Neque
489 2277 566 2337 enim
584 2288 681 2357 potest
699 2276 794 2336 videri
811 2278 842 2337 id
855 2278 935 2356 quod

180 2389 240 2428 non
258 2382 310 2430 est.
329 2373 366 2427 Et
383 2371 435 2450 qui
448 2381 567 2430 narrant
582 2369 743 2450 praeterita,
754 2390 813 2428 uon
833 2371 935 2448 utique

180 2479 251 2519 vera
271 2471 435 2532 narrarent,
453 2459 478 2518 si
498 2461 594 2518 animo
617 2459 667 2518 illa
683 2478 742 2517 non
761 2471 934 2534 cernerent:

179 2570 245 2628 quae
270 2551 294 2608 si
316 2551 397 2608 uuila
416 2561 524 2621 essent,
543 2550 623 2608 cerni
645 2550 762 2607 omnino
780 2562 844 2634 'non
864 2570 935 2627 pos-

181 2651 252 2698 sent.
274 2643 345 2698 Sunt
364 2656 432 2714 ergo
456 2651 484 2698 et
503 2639 602 2698 futura
621 2651 650 2698 et
672 2639 827 2715 praeterita.
928 2692 931 2696 .

416 2815 550 2880 CAPUT
570 2810 694 2879 XVIII.

195 2979 322 3044 Quomodo
335 2977 457 3046 preterita
471 2985 497 3029 et
509 2977 591 3030 funera
606 2987 713 3045 tempora
728 2977 776 3030 rint
789 2982 924 3047 presentia.

223 3135 272 3196 23.
304 3137 370 3199 Sine
397 3156 463 3210 me,
485 3136 622 3208 Domine,
647 3137 771 3216 amplius
793 3159 939 3219 quaerere,

185 3251 252 3311 spes
274 3249 353 3304 mea,
377 3250 436 3289 non
459 3227 651 3289 conturbetur
672 3223 795 3290 ¹intentIo
819 3251 890 3291 mee.
911 3231 941 3293 si
1018 3266 1025 3276 =-
