2384 4052
330 499 579 550 CONFESSIONUM
596 498 742 549 imunt.
861 505 911 551 303

157 596 250 652 rimus
262 615 268 652 ε
280 607 309 652 et
321 616 388 655 cum
401 596 540 670 occurrit,
550 596 683 668 dicimus,
692 601 756 654 Hoc
766 610 821 670 est;
834 603 914 676 quod

157 705 217 744 uon
228 685 392 746 diceremus
406 686 461 745 nisi
473 707 704 764 agnosceremus,
712 707 766 746 neo
779 685 915 765 agnosce—

158 793 255 833 remus
269 776 325 834 nisi
336 776 574 848 meminissemus.
585 782 669 837 Certe
679 796 747 854 ergo
755 777 838 837 obliti
853 779 914 840 fue

158 885 266 925 ramus.
281 872 326 924 An
338 865 352 891 *
363 885 422 924 non
435 879 529 926 totum
541 867 702 939 exciderat,
715 869 766 926 sed
781 888 817 927 ex
831 885 914 948 parte

157 977 217 1034 qua
230 957 382 1017 tenebatur
397 979 465 1037 pars
478 958 534 1016 alia
550 959 749 1036 quaerebatur3
765 961 834 1038 quia
848 981 914 1020 sen-

158 1046 249 1105 tiebat
258 1067 288 1105 se
298 1050 437 1108 memorie
445 1069 503 1106 nou
513 1049 599 1106 simul
609 1051 728 1109 volvere
737 1051 818 1128 quod
829 1051 912 1111 simul

157 1135 281 1208 solebat,
296 1150 324 1196 et
337 1140 420 1216 qnasi
433 1139 603 1215 detruncata
613 1140 821 1197 consuetudine
832 1141 914 1200 clau-

158 1227 270 1298 dicans,
286 1227 370 1286 reddi
382 1229 463 1306 quod
478 1228 578 1287 deerat
591 1229 913 1307 flagitabatiTanquam

157 1318 182 1374 si
196 1316 284 1374 horno
297 1331 383 1376 notus
398 1319 457 1376 sive
470 1316 666 1396 conspiciatur
677 1321 782 1394 oculis,
793 1321 855 1379 sive
867 1342 914 1380 co-

157 1407 279 1482 gitetur,
291 1421 320 1465 et
332 1428 437 1466 nomen
450 1408 512 1486 ejus
526 1408 610 1466 obliti
621 1411 817 1486 requiramus,
829 1411 914 1488 quid-

157 1496 228 1572 quid
250 1498 330 1555 aliud
354 1498 514 1556 occurrerit
533 1518 592 1556 non
614 1499 821 1556 connectitur:
844 1503 913 1578 quia

157 1606 215 1645 non
234 1607 301 1644 cum
320 1587 372 1644 illo
395 1587 515 1664 cogitari
537 1587 699 1658 consuevit,
719 1587 844 1664 ideoque
865 1609 913 1648 re-

92 1703 95 1708 ·
158 1677 274 1754 spuitur
286 1677 378 1735 donec
391 1677 463 1735 illud
482 1677 571 1749 adsit,
584 1676 636 1736 ubi
655 1677 740 1753 simul
749 1669 913 1736 =assuefacte

156 1767 258 1826 notitia
284 1787 343 1826 non
366 1767 547 1844 inaequaliter
577 1768 811 1845 acquiescatur
837 1767 912 1825 unde

157 1857 255 1927 adest,
268 1857 322 1915 nisi
342 1874 378 1914 ex
395 1858 459 1934 ipsa
474 1857 632 1916 memorie?
649 1861 723 1916 Nam
742 1871 771 1915 et
788 1877 855 1916 cum
874 1857 911 1916 ab

157 1948 215 2004 alio
227 1947 395 2005 commoniti
408 1947 655 2022 recognoscimus,
669 1947 737 2006 inde
750 1947 840 2006 adest.
848 1951 913 2004 Non

157 2038 234 2093 enirn
252 2038 335 2114 quasi
355 2057 464 2094 novum
484 2036 643 2116 credimus,
661 2037 712 2096 sed
728 2036 912 2096 recordantes

157 2123 356 2203 approbamus·
374 2127 430 2186 hoc
448 2146 508 2185 esse
523 2127 603 2204 quod
624 2127 736 2185 dictum
750 2140 803 2186 est.
816 2128 844 2188 Si
857 2147 911 2185 au-

156 2227 214 2273 tem
227 2218 343 2293 penitus
355 2216 506 2274 aboleatur
524 2236 561 2274 ex
574 2217 687 2290 animo,
701 2236 755 2275 nee
772 2217 911 2276 admoniti

156 2306 377 2365 reminiscimur.
402 2312 503 2384 Neque
527 2307 605 2366 enini
627 2307 794 2367 omnimodo
815 2307 912 2367 adhuc

156 2395 239 2454 obliti
249 2417 363 2468 sumus,
383 2397 463 2474 quod
476 2396 522 2454 vel
537 2396 642 2456 oblitos
661 2417 714 2456 nos
728 2417 789 2456 esse
808 2399 923 2457 memi-

155 2489 259 2568 nimus.
282 2492 346 2546 Hoc
367 2509 435 2566 ergo
451 2509 505 2548 nec
528 2490 664 2548 amissum
685 2509 816 2567 quaerere
829 2503 912 2568 pote·

155 2577 261 2649 rimus,
280 2576 360 2655 quod
376 2580 494 2636 omuino
511 2578 596 2637 obliti
616 2569 764 2638 fuerimus.

244 2733 248 2740 ’
328 2805 330 2808 -
400 2759 645 2830 urrunnu.
732 2805 733 2808 κ

156 2940 191 2987 Ut
200 2936 372 2990 beatitudinem
384 2957 466 2992 omnes
477 2951 605 3010 appetant,
619 2950 713 3008 oportet
726 2943 777 2993 enm
789 2947 910 2996 noverint.

195 3108 243 3169 29.
266 3112 419 3186 Quomodo
433 3131 501 3189 ergo
514 3127 542 3172 te
555 3135 671 3192 quaero,
683 3121 826 3178 Domine?
838 3125 909 3180 Cum

155 3201 232 3260 enim
251 3213 279 3259 te
299 3206 394 3261 Deum
418 3222 514 3262 meum
542 3215 655 3282 quatro,
683 3209 772 3266 vitam
795 3208 910 3266 beatam
