2316 4020
283 525 332 570 rao
466 487 850 578 s.uucusr1u1ee1soonr

557 672 691 735 CAPUT
711 672 751 732 X.

359 837 397 884 De
415 831 551 899 integritate
568 830 649 900 Alypii
664 841 690 882 et
707 829 812 882 adventu
828 831 950 883 Nebridii.

322 989 365 1047 16.
377 993 464 1046 Hune
479 1007 548 1066 ergo
564 993 663 1046 Romae
677 989 855 1060 inveneram,
868 999 898 1045 et
913 988 1036 1048 adhaesit

273 1081 349 1140 mihi
369 1081 526 1140 fortissimo
545 1080 674 1152 vinculo,
694 1097 867 1154 mecumque
889 1079 1034 1140 Mediola-

275 1191 346 1230 num
361 1171 510 1249 proFectus
523 1182 575 1242 est,
589 1182 624 1229 ut
640 1189 694 1228 nec
710 1188 758 1227 me
777 1169 933 1241 desereret,
950 1183 978 1228 et
996 1170 1034 1230 de

248 1322 262 1347 ἣ
271 1259 339 1338 jure
355 1261 437 1340 quod
456 1259 599 1319 didicerat
616 1259 728 1338 aliquid
745 1271 853 1337 ageret,
872 1259 1034 1319 secundum

274 1361 376 1407 votum
395 1349 487 1426 magis
504 1362 658 1427 parentum
679 1369 767 1431 quam
793 1353 945 1416 suumlit
967 1351 1032 1408 ter*
1103 1365 1108 1372 '

272 1439 333 1517 jam
344 1439 490 1498 assederat
500 1438 627 1499 mirabili
638 1439 816 1498 continentia
829 1439 949 1510 caetcris,
963 1459 1043 1502 cum,

273 1531 323 1588 ille
336 1531 426 1608 magis
440 1529 596 1602 miraretur
613 1550 663 1588 eos
674 1531 728 1607 -qui
742 1549 846 1587 aurum
861 1528 1033 1588 innocentiae
1056 1600 1061 1609 .

273 1631 486 1694 praeponerent.
502 1622 623 1677 Tentata
633 1630 681 1676 est
692 1637 814 1696 quoque
829 1615 892 1693 ejus
908 1616 1030 1686 indoles,

272 1729 332 1768 non
348 1711 442 1770 solum
460 1709 600 1769 illecebra
616 1709 795 1786 cupiditatis,
809 1707 860 1766 sed
874 1708 962 1766 etiam
976 1709 1029 1769 sti-

272 1802 352 1860 mulo
369 1801 488 1861 timoris.
506 1807 606 1862 Romae
624 1799 769 1860 assidebat
783 1799 882 1858 comiti
899 1799 1032 1877 largitio-
1132 1879 1140 1892 ¹

271 1911 342 1950 num
359 1891 606 1952 Italicianarum*.
621 1896 691 1949 Erat
708 1911 743 1949 eo
757 1902 892 1967 tempore
909 1887 1030 1965 quidam

271 1983 488 2058 potentissimus
507 1994 632 2054 senator,
656 1981 739 2058 cujus
757 1991 787 2038 et
804 1979 953 2038 beneficiis
973 1977 1031 2037 ob-

270 2071 365 2134 stricti
378 2073 463 2130 multi
478 2085 507 2130 et
520 2071 626 2130 terrori
638 2070 749 2130 subditi
760 2081 849 2140 erant.
860 2068 962 2127 Voluit
973 2068 1030 2150 sibi

269 2161 356 2240 licere
370 2162 468 2220 nescio
481 2161 552 2238 quid
568 2181 606 2220 ex
621 2180 702 2219 more
713 2159 850 2239 potentiae
865 2177 934 2231 suae,
947 2160 1028 2236 quod

269 2264 343 2310 esset
355 2271 409 2328 per
424 2253 501 2330 leges
517 2252 667 2325 illicitum-3
680 2252 785 2312 restitit
799 2251 941 2330 Alypius:
956 2271 1028 2329 pro-

269 2339 388 2398 missum
404 2353 447 2399 est
462 2341 631 2419 praemium3
644 2342 734 2402 irrisit
750 2343 847 2400 animo
858 2363 865 2398 :
877 2353 1027 2420 praetentae

268 2429 370 2499 minae;
391 2430 513 2489 calcavit
529 2431 725 2509 :mirantibus
746 2431 882 2490 omnibus
903 2432 1027 2492 inusita-

267 2529 326 2592 tam
347 2519 489 2592 animam,
512 2539 576 2599 quae
600 2521 748 2579 hominem
773 2533 903 2595 tantum,
923 2535 953 2578 et
976 2520 1024 2578 in-

264 2608 495 2668 numerabilibus
509 2610 665 2687 praestandi
678 2610 861 2688 nocendique
875 2610 969 2669 modis
982 2611 1025 2670 in·

263 2697 343 2774 genti
354 2697 430 2756 lama
439 2699 630 2772 celebratum,
637 2701 685 2759 vel
694 2701 820 2759 amicum
828 2697 888 2758 non
898 2713 1023 2778 optaret,

264 2788 310 2847 vel
322 2809 381 2847 non
392 2790 561 2849 formidaret
570 2791 729 2850 inimicum.
738 2795 804 2869 Ipse
814 2805 910 2850 autem
919 2790 1022 2868 judex,

265 2877 313 2933 cui
330 2878 511 2962 consiliarius
527 2892 600 2953 erat,
616 2879 749 2958 quamvis
764 2893 793 2939 et
804 2881 943 2959 ipse'fieri
954 2882 1021 2939 nol-

263 2964 314 3038 let,
330 2986 389 3024 non
404 2980 499 3026 tamen
515 2982 617 3047 aperte
631 2969 785 3030 recusabat
800 2991 807 3027 ε
822 2970 918 3029 sedin
934 2971 1020 3030 istum

263 3073 379 3114 cansam
394 3057 578 3134 transferens,
593 3059 630 3118 ab
642 3079 677 3143 eo
691 3079 722 3118 se
734 3079 792 3118 non
803 3061 933 3138 permitti
947 3081 1022 3120 asse

167 3173 176 3237 ς
261 3142 359 3216 rebat;
374 3147 443 3224 quia
456 3160 486 3206 et
499 3167 601 3208 revera
617 3150 641 3208 si
654 3151 717 3230 ipse
731 3151 850 3223 faceret,
863 3151 918 3210 iste
929 3151 1021 3224 disce-

261 3233 351 3294 deret.
369 3241 432 3296 Hoc
453 3239 515 3298 solo
531 3252 628 3300 autem
649 3253 723 3318 p'ene
740 3239 801 3318 jam
821 3241 936 3299 illectus
956 3253 1020 3299 erat
