2352 4094
316 454 570 521 courussrouun
587 469 682 518 naun
700 472 771 520 xm.
875 473 923 524 sar

448 635 583 733 curui]
604 632 644 696 X.

405 799 441 848 Ex
461 797 526 848 douo
540 798 587 848 uei
605 799 694 848 omnia.

209 957 253 1014 ll.
265 962 352 1030 Beata
366 971 500 1016 creatura
510 976 576 1034 quae
586 977 644 1015 non
655 958 738 1016 novit
752 958 845 1031 aliud,
859 979 926 1017 curn

166 1063 242 1111 esset
251 1052 315 1128 ipsa
325 1046 417 1119 aliud,
428 1048 484 1107 uisi
495 1047 575 1106 vdono
588 1060 639 1106 tuo
653 1049 733 1126 quod
745 1049 928 1127 superfertur

166 1162 255 1220 super
265 1159 352 1198 omne
362 1138 516 1211 mutabile,
535 1160 604 1197 mox
618 1152 652 1198 ut
672 1141 749 1199 lacta
769 1153 825 1212 est,
841 1144 929 1200 attol-

165 1231 276 1290 leretur
292 1231 374 1288 nullo
401 1229 556 1291 intervallo
575 1232 715 1308 temporis
735 1232 766 1290 in
785 1251 821 1290 ea
839 1252 929 1291 voca-

166 1321 246 1380 tione
264 1341 321 1399 qua
334 1320 449 1393 dixisti,
460 1325 531 1377 Fiat
548 1325 609 1394 lux,
626 1335 655 1379 et
674 1322 757 1381 fieret
770 1323 846 1381 lux*
858 1333 876 1378 ¹.
894 1327 929 1380 ln

165 1411 251 1470 nobis
262 1413 340 1471 euim
351 1412 539 1488 distinguitur
552 1407 699 1490 tempore,
709 1413 790 1490 quod
800 1413 928 1472 tenebrae

166 1501 288 1575 fuimus,
305 1515 335 1561 et
349 1502 401 1560 lux
412 1501 577 1559 efficimur²
596 1489 651 1558 :iu
667 1501 717 1557 illa
729 1521 801 1559 vero
818 1501 929 1562 dictum

166 1607 211 1652 est
222 1593 294 1671 quid
305 1604 395 1664 esset,
407 1591 464 1650 nisi
477 1591 706 1663 illuminaretur5
718 1603 748 1648 et
762 1592 803 1649 ita
818 1591 929 1651 dictum

167 1693 227 1754 est,
247 1683 331 1760 quasi
347 1681 430 1758 prius
451 1680 542 1738 fuerit
556 1680 636 1738 fluxa
654 1691 684 1737 et
704 1679 875 1752 tenebrosa3
897 1683 933 1739 ut'

166 1784 321 1849 appareret
334 1791 424 1832 causa
440 1790 498 1849 qua
511 1771 677 1829 factumest
690 1784 724 1828 ut
737 1771 822 1830 aliter
841 1785 929 1843 esset,

165 1863 197 1926 id
207 1877 264 1935 est,
275 1876 309 1922 ut
321 1862 358 1922 ad
372 1863 472 1921 lumen
487 1862 658 1922 indeficiens
670 1882 811 1922 conversa
821 1865 873 1922 lux
886 1884 930 1923 es-

166 1967 220 2012 set·
235 1955 294 2029 Qui
314 1967 425 2034 potest,
440 1954 599 2034 intelligat3
614 1967 643 2012 et
657 1955 709 2032 qni
723 1959 782 2012 nun
797 1967 894 2034 potest
907 1957 930 2028 *‚

168 2063 187 2101 a
199 2056 227 2101 te
240 2057 330 2122 petat.
346 2044 543 2122 thnidmihi
553 2045 694 2103 molestus
709 2058 766 2120 est,
780 2044 863 2124 quasi
875 2066 929 2123 ego

167 2134 328 2194 illuminem
341 2135 603 2202 ullum'homiuem
620 2137 785 2195 venientem
803 2133 834 2194 in
851 2137 929 2194 hunc

166 2226 308 2287 mundum
320 2223 352 2284 ³?
577 2230 579 2236 ’
800 2213 802 2219 ’
888 2231 893 2237 ’

382 2417 384 2424 .
435 2329 571 2437 curor
597 2365 654 2436 xl.

335 2532 450 2604 Symbola
467 2537 594 2588 Trinitatis
614 2538 641 2586 in
664 2535 769 2586 homine.

209 2684 254 2742 12.
267 2684 436 2744 Trinitatem
452 2685 681 2761 omnipotentem
696 2683 761 2758 quis
777 2681 930 2758 intelligit?

170 2778 203 2832 Et
217 2765 284 2853 quis
298 2795 357 2832 non
365 2764 501 2852 loquitur
517 2791 597 2842 eam,
613 2769 637 2830 si
649 2779 745 2830 tamen
756 2773 841 2830 eam?
854 2776 932 2830 Rara

168 2865 263 2923 anima
277 2885 342 2942 quae
356 2885 424 2923 cnm
441 2863 478 2921 de
495 2863 545 2920 illa
560 2862 702 2939 loquitur,
721 2863 774 2920 seit
796 2861 867 2939 qnid
883 2862 931 2918 lo,-

166 2957 270 3033 quitur
282 2957 305 3011 *.
326 2959 363 3013 Et
382 2954 564 3013 contendunt
581 2965 610 3010 et
627 2952 779 3024 dimicant,
797 2959 825 3012 et
838 2953 930 3010 'nemo

165 3047 227 3105 siue
242 3065 315 3124 pace
327 3046 407 3104 videt
425 3046 510 3104 istam
528 3044 679 3116 visionem.
691 3045 802 3104 Vellem
819 3058 853 3102 ut
868 3044 930 3101 haec

202 3215 289 3268 ¹Geit
304 3231 326 3274 r,
340 3219 410 3276 3·.··
424 3213 534 3282 ²Ephes.
547 3231 569 3274 r,
585 3218 608 3264 8.
623 3241 658 3251 -·-
674 3211 684 3252 3
702 3218 773 3265 Joau.
793 3230 814 3272 1,
833 3219 857 3262 9.
958 3241 964 3248 ι
