2316 4020
274 415 322 462 140
455 416 479 462 S.
497 415 678 466 incusant!
696 419 837 468 uersuum

271 514 367 590 abyssi
384 513 526 584 viatores,
550 528 616 572 cum
635 516 859 592 perturbantur,
884 524 1030 582 consolari

271 605 380 675 solent,
397 603 537 680 pollicens
552 605 593 662 eis
611 607 830 681 perventionem
846 630 912 668 cum
925 613 1029 684 salute,

272 697 339 770 quia
352 694 409 751 hoc
423 695 450 752 ei
467 707 498 752 tu
511 714 566 772 per
578 695 671 754 visum
687 698 833 774 pollicitus
845 721 917 759 eras.
937 707 972 760 Et
985 704 1030 761 in-

270 787 352 844 venit
366 807 412 844 me
427 785 643 862 periclitantem
652 787 770 864 quidem
783 791 911 868 graviter
921 793 1030 869 despe·

272 879 381 934 ratione
393 876 563 955 indagandae
576 877 715 936 veritatis.
737 878 793 936 Sed
808 893 903 939 tamen
915 884 942 940 ci
959 903 1028 941 cum

271 967 461 1038 indicassem,
486 987 545 1024 non
565 985 611 1024 me
630 967 749 1044 quidem
766 968 827 1046 jain
849 991 910 1030 esse
930 975 1027 1032 mani-

271 1059 401 1131 cbaeum,
431 1058 482 1116 sed
506 1058 801 1135 nequecatholicum
828 1061 1027 1136 christianum,

270 1170 329 1205 non
353 1149 436 1226 quasi
453 1149 635 1226 inopinatum
657 1149 769 1226 aliquid
787 1150 930 1223 audierit,
949 1155 1029 1212 exsi-

264 1238 332 1295 livit
343 1239 441 1312 laetitia
447 1260 459 1308 -3
482 1257 548 1295 cum
558 1233 625 1313 ,jam'
634 1255 737 1295 secura
747 1238 831 1296 fieret
844 1260 881 1298 ex
895 1261 929 1300 ea
943 1233 1028 1320 parte

269 1331 391 1387 miseriae
410 1347 498 1400 meac,
526 1329 633 1405 inqua
652 1343 698 1386 me
722 1341 859 1406 tauquam
877 1337 1028 1392 mortuum

266 1421 319 1492 ¹sed
331 1417 559 1479 resuscitandum
576 1415 630 1475 tibi
641 1416 742 1491 flebat,
755 1431 784 1479 ct
795 1409 905 1480 feretro
915 1424 1028 1501 cogita—

271 1512 355 1568 tionis
370 1508 524 1582 elferebat,
549 1521 580 1566 ut
599 1508 710 1568 diceres
729 1509 789 1568 lilio
807 1509 903 1570 vitluae
918 1535 925 1568 ε
940 1518 1030 1570 Juve-

271 1608 325 1671 πίε,
341 1601 392 1656 tibi
405 1605 479 1670 dico,
491 1617 585 1674 surge,
600 1609 629 1654 et
645 1597 830 1656 revivisceret
842 1612 871 1658 ct
885 1601 1029 1678 inciperet

270 1691 365 1767 loqui,
378 1704 407 1748 et
419 1689 547 1748 traderes
561 1688 644 1746 illum
661 1688 745 1746 matri
758 1699 845 1746 suaet.
861 1691 945 1749 Nulla
957 1709 1028 1770 ergo

273 1781 440 1840 turbulenta
467 1779 657 1840 exsultatione
687 1780 844 1858 trepidavit
873 1800 924 1840 cor
949 1781 1030 1858 ejus,

274 1893 338 1930 cum
355 1873 482 1930 audisset
499 1892 535 1929 ex
553 1883 633 1929 tanta
647 1875 730 1948 parte
742 1871 802 1948 jam
818 1872 927 1930 ,factum
946 1873 1029 1948 quod

273 1965 326 2023 tibi
340 1963 471 2040 quotidie
489 1959 646 2039 plangebat
658 1974 691 2018 ut
705 1960 800 2031 ficret;
812 1960 964 2019 veritatem
980 1981 1028 2018 me

272 2052 402 2112 nondum
419 2051 573 2126 adeptum,
595 2049 646 2107 sed
664 2048 856 2126 falsitatijam
873 2062 1028 2128 ereptum:

269 2147 330 2202 imo
356 2135 428 2199 uero
450 2141 518 2216 quia
539 2150 618 2196 certa
636 2151 716 2212 erat,
745 2153 775 2197 et
797 2139 878 2216 quod
900 2139 1029 2198 restabat

272 2248 299 2290 te
317 2234 470 2300 daturum,
492 2229 654 2305 quitatum
674 2227 864 2306 promiseras3
887 2229 1028 2308 placidis-

272 2325 347 2396 Simu
361 2335 390 2378 et
405 2332 524 2398 pectore
542 2319 631 2398 pleno
651 2321 768 2378 fiduciae·
779 2319 930 2398 respondit
944 2321 1028 2392 mihi,

271 2399 390 2472 credere
406 2433 436 2470 se
447 2413 478 2470 in
488 2411 620 2484 Cbristo,
638 2403 719 2490 quod
734 2403 904 2490 priusquam
921 2412 958 2468 de
972 2411 1028 2470 hac

249 2541 253 2548 =
269 2507 331 2564 vita
347 2505 514 2582 emigraret,
532 2493 581 2559 me
595 2503 692 2560 visura
708 2513 783 2560 esset
797 2501 912 2558 fidelem
930 2502 1030 2560 catho-

271 2597 368 2653 licum.
395 2597 430 2650 Et
449 2593 504 2649 hoc
518 2591 635 2668 quidem
653 2591 735 2648 mihi.
759 2589 824 2648 Tibi
837 2603 944 2660 autem,
962 2592 1029 2648 fons

271 2684 551 2754 misericordiarum,
574 2675 675 2759 preces
696 2695 726 2740 et
746 2674 888 2758 lacrymas
907 2678 1032 2739 densioss

271 2798 317 2834 res
328 2778 351 2846 *,
372 2789 405 2834 ut
424 2774 602 2832 accelerares
616 2764 794 2848 adjutorium
809 2763 890 2830 tuum
905 2761 940 2828 ¹et
958 2772 1028 2828 illai-

270 2870 395 2925 minares
407 2864 542 2922 'tenebras
556 2856 650 2934 meas3
668 2875 696 2920 et
709 2852 866 2921 studiosius
880 2861 917 2919 ad
930 2863 1029 2919 Eccle-

271 2959 341 3014 siam
357 2947 488 3024 currere,
500 2945 533 3010 'et
545 2953 577 3009 in
591 2951 777 3012 Ambrosium
787 2955 799 2978 *
813 2971 864 3010 ora
878 2952 1027 3028 suspendi,
1063 3017 1066 3024 ,

311 3143 451 3192 ιΙΛιανιι,
470 3136 512 3205 ll,
528 3137 566 3181 15.
