2326 4020
223 435 256 480 36
407 433 431 480 S.
451 431 632 482 AUGUSTINI
650 432 794 484 erlscoel

222 533 287 587 Non
304 530 423 589 omuino
437 549 490 608 per
507 511 581 588 hanc
596 532 806 610 turpitudinem
823 529 915 588 verba
929 530 985 589 ista

224 620 404 688 commodius
416 620 581 692 discuntur;
599 622 651 680 sed
668 641 721 699 per
736 623 799 679 baec
817 619 909 678 verba
921 633 984 678 tur-

223 711 327 788 pitudo
348 711 403 770 ista
422 711 613 772 confidentius
634 725 828 790 perpetratur.
849 715 914 769 Non
934 730 985 768 ac-

225 819 293 858 cuso
313 801 417 874 verba,
434 801 522 878 'quasi
537 813 607 860 vaea
624 804 715 861 electa
734 815 820 880 atque
838 802 982 880 pretiosa;

224 891 274 949 sed
293 894 392 952 vinum
409 893 516 951 erroris
532 893 614 970 quod
629 879 662 951 in¹
678 894 718 952 eis
738 892 823 952 nobis
840 893 983 970 propina—

224 981 312 1042 batur
324 983 361 1042 ab
376 983 465 1042 ebriis
479 983 669 1044 doctoribus:
689 995 718 1043 et
729 986 784 1044 nisi
797 984 983 1056 biberemus,

224 1071 424 1145 caedebamur,
449 1094 502 1134 nec
528 1075 675 1152 appellare
705 1075 831 1152 aliquem
852 1073 984 1152 judicem

224 1159 355 1220 sobrium
379 1162 495 1234 licebat.
516 1167 553 1220 Et
575 1176 669 1220 tamen
694 1184 762 1241 ego,
785 1169 864 1222 Deus
886 1183 983 1233 meus,
1043 1217 1046 1222 ,

222 1254 253 1310 in
270 1251 353 1330 cujus
370 1266 532 1332 conspectu
549 1253 611 1330 jam
634 1273 737 1314 secura
756 1268 800 1313 est
819 1254 984 1313 recordatio

224 1363 299 1416 mea,
316 1343 441 1404 libenter
450 1347 513 1404 baec
529 1345 633 1416 didici,
643 1358 672 1403 et
688 1347 730 1405 eis
748 1344 914 1405 delectabar
929 1347 984 1404 mi-

224 1453 280 1505 ser,
297 1447 326 1492 et
342 1434 382 1492 ob
399 1435 456 1494 hoc
472 1435 557 1494 bonae
575 1434 638 1513 spei
651 1454 726 1511 puer
742 1435 921 1515 appellabar.

419 1690 421 1694 Ι
471 1607 605 1668 curor
626 1607 732 1672 xvn.

226 1761 382 1826 Prosequitur
396 1771 480 1815 contra
492 1763 592 1816 modum
607 1764 749 1817 exercende
764 1766 898 1831 juventutis
912 1768 938 1816 in
956 1783 983 1816 re

545 1845 671 1899 litterarius

265 1996 313 2056 27.
324 2000 390 2059 Sine
402 1987 458 2073 ine,
469 2004 548 2058 Deus
562 2019 654 2075 meus,
665 2001 763 2062 dicere
773 2001 881 2079 aliquid
900 2013 930 2060 et
946 2002 983 2061 de

222 2089 340 2167 ingenio
352 2109 417 2148 meo
433 2109 554 2150 munere
569 2104 633 2166 tuo,
648 2092 679 2151 in
691 2093 798 2170 quibus
816 2114 833 2148 a
848 2113 895 2148 me
909 2093 986 2150 deli-

225 2180 362 2242 ramentis
376 2179 564 2240 atterebatur.
578 2181 801 2260 Proponebatur
818 2181 895 2240 enim
912 2181 985 2240 mihi

225 2270 373 2347 negotium
388 2270 489 2328 animae
505 2289 576 2329 meae
591 2272 660 2330 satis
674 2272 851 2350 inquietum,
864 2272 984 2348 praemio

225 2359 337 2431 laudis,
347 2372 376 2418 et
387 2359 540 2418 dedecoris
555 2363 602 2419 vel
614 2356 766 2441 plagarum
783 2372 878 2432 metu,
891 2373 925 2420 ut
938 2359 985 2419 di-

226 2470 322 2511 cerem
331 2449 422 2510 verba
434 2452 556 2510 iunonis
566 2453 719 2512 irascentis
729 2466 759 2512 et
768 2451 892 2512 dolentis
905 2453 986 2529 quod

225 2562 284 2600 non
300 2555 397 2618 posset
413 2543 497 2602 Italia
509 2547 689 2603 Teucrorum
707 2558 840 2604 avertere
852 2563 951 2622 regern
962 2554 986 2615 ¹;

226 2653 292 2711 quae
307 2652 456 2711 nunquam
468 2638 613 2694 Junonern
629 2636 737 2696 dixisse
750 2633 899 2695 audieram
914 2658 921 2691 :
936 2635 987 2693 sed

226 2723 430 2800 figmentorum
441 2725 623 2800 poeticorum
632 2727 755 2805 vestigia
765 2739 895 2786 errantes
905 2726 988 2802 sequi

227 2811 414 2890 cogebamur,
423 2826 453 2872 et
463 2815 521 2872 tale
532 2815 643 2893 aliquid
655 2818 752 2878 dicere
764 2817 867 2878 solutis
878 2813 988 2886 verbis,

227 2904 314 2982 quale
337 2907 425 2962 Poeta
448 2904 569 2964 dixisset
586 2908 734 2982 versibus3
755 2922 785 2968 et
803 2908 853 2967 ille
872 2902 991 2966 dicebat

228 2991 415 3065 laudabilius,
439 2992 470 3051 in
492 3014 552 3072 quo
572 3017 628 3074 pro
648 2999 788 3079 dignitate
810 2995 990 3057 adumbratae

266 3169 274 3192 ¹
288 3158 381 3212 AEneid.
393 3177 411 3221 1,
424 3164 511 3213 3645.
