2384 4052
331 448 581 500 CONFIISSIONUM
598 449 692 498 traua
709 450 759 496 L·
863 455 912 502 301

160 549 226 620 riae,
242 559 321 606 tanta
332 548 461 606 vitae‘vis
474 559 517 606 est
532 547 566 605 in'
575 547 693 606 homine
704 547 819 606 vivente
834 566 916 608 mor·

160 638 270 696 taliter!
295 636 373 710 Quid
396 636 485 713 igitur
504 655 604 713 agam,
627 649 659 695 tu
678 656 749 694 vera
772 656 836 696 mea
857 639 918 698 vita

160 731 241 785 Deus
255 727 354 784 meus?
370 725 510 784 Transibo
527 738 556 783 et
574 727 650 784 ha'ne
663 727 723 784 vim
742 745 835 784 meam
850 748 916 805 quae

74 841 79 846 ·
161 815 302 874 memoria
317 827 449 886 vocatur,
462 815 593 874 transibo
611 834 674 874 eam
690 827 724 873 ut
744 817 916 893 pertendam

159 906 199 964 ad
213 918 256 980 te,
275 906 360 963 dulce
373 907 480 963 lumen.
496 905 572 980 Quid
585 905 657 964 dicis
669 905 758 964 mihi?
771 911 847 966 Ecce
860 927 914 984 ego

160 995 317 1053 ascendens
339 1000 394 1072 per
411 995 537 1052 animum
551 1013 648 1052 meum
663 995 700 1052 ad
720 1007 748 1054 te
762 996 814 1072 qui
830 996 915 1054 desu-

159 1102 213 1160 per
233 1083 305 1141 mihi
320 1102 427 1141 manes.
441 1082 580 1142 Transibo
594 1096 622 1142 et
633 1084 717 1142 istam
730 1085 790 1142 vim
805 1105 914 1157 meam,

159 1194 225 1252 quae
256 1174 396 1232 memoria
419 1187 556 1245 vocatur,
581 1175 682 1233 volens
713 1187 742 1232 te
776 1176 916 1253 attingere

159 1263 238 1321 unde
258 1263 359 1340 attingi
377 1275 473 1341 potes,
493 1275 522 1321 et
541 1262 683 1322 inhaerere
702 1263 757 1322 tibi
778 1264 855 1324 unde
873 1266 915 1322 in·

160 1352 271 1410 haerere
285 1352 338 1410 tibi
351 1365 455 1431 potest.
473 1351 589 1410 Habent
607 1353 683 1410 enim
702 1356 871 1422 memoriam
887 1369 915 1414 et

159 1462 268 1520 pecora
286 1455 315 1501 et
338 1463 421 1515 aves;
433 1443 563 1519 alioquin
581 1462 640 1499 non
663 1441 772 1500 cubilia
793 1444 914 1503 nidosve

161 1545 340 1611 repeterent,
354 1554 413 1591 non
431 1534 487 1591 alia
504 1533 596 1590 multa
611 1531 718 1608 quibus
734 1549 915 1604 assuescunt,

159 1642 256 1700 neque
275 1623 354 1681 enim
373 1635 401 1680 et
418 1641 581 1680 assuescere
599 1621 730 1688 valerent
748 1621 815 1680 ullis
829 1622 916 1682 rebus

160 1712 215 1772 nisi
235 1733 288 1791 per
309 1713 487 1772 memoriam.
502 1710 643 1770 Transibo
664 1730 732 1788 ergo
754 1724 782 1769 et
805 1730 916 1771 memo-

160 1803 247 1874 riam,
260 1816 294 1864 ut
304 1804 440 1880 attingam
455 1822 521 1860 eum
535 1801 586 1878 qui
597 1802 742 1878 separavit
753 1822 799 1860 me
812 1823 829 1860 a
842 1825 916 1880 qua-

161 1890 356 1968 drupedibus,
378 1903 407 1949 et
425 1888 593 1949 volatilibus
619 1890 683 1948 coeli
712 1891 915 1967 sapientiorem

161 2001 207 2038 me
221 1981 298 2041 fecit.
316 1981 455 2048 Transibo
470 1993 498 2042 et
512 1977 698 2053 memoriam5
715 1992 744 2040 et
757 1981 808 2040 ubi
825 1995 852 2040 te
870 1984 916 2040 in-

160 2072 290 2144 veniam,
306 2091 377 2130 vere
396 2071 472 2138 bona
489 2082 517 2128 et
535 2089 637 2130 secura
654 2072 800 2131 suavitas?
818 2085 847 2130 et
864 2071 916 2130 ubi

161 2172 189 2218 te
215 2162 381 2220 inveniam?
401 2161 432 2221 si
451 2173 557 2238 praeter
579 2161 750 2218 memoriam
773 2181 865 2220 meam
890 2174 918 2219 te

160 2251 291 2325 invenio,
308 2252 460 2310 immemor
478 2251 521 2309 tui
538 2270 611 2309 sum.
634 2253 670 2308 Et
690 2252 837 2329 quomodo
856 2251 916 2329 jam

160 2342 303 2400 inveniam
319 2354 361 2414 te,
374 2342 398 2400 si
412 2361 523 2400 memor
535 2361 594 2400 non
609 2360 672 2399 sum
687 2342 750 2401 tui?

398 2518 531 2579 CAPUT
552 2519 674 2582 XVIII.

190 2685 246 2731 Non
259 2681 409 2730 InvenIrctur
426 2697 455 2729 ea
472 2696 510 2729 res
529 2694 582 2744 quae
598 2678 697 2738 excidit,
712 2679 758 2728 nisi
776 2680 889 2729 memoria

467 2768 598 2809 teneretur.

204 2905 251 2963 27.
277 2908 446 2966 Perdiderat
466 2909 542 2967 enim
565 2907 670 2966 mulier
686 2907 867 2982 drachmam,
887 2925 914 2969 et

163 2996 297 3074 quaesivit
321 3016 384 3053 eam
405 3017 471 3055 cum
495 2999 614 3055 lucerna
634 3007 661 3068 ¹,
680 3012 708 3056 et
728 3001 781 3057 nisi
806 3021 915 3059 memor

200 3173 209 3200 ²
223 3169 280 3215 Luc.
293 3179 332 3224 xv,
345 3169 369 3214 8.
