2394 4010
330 449 582 503 coarmatommt
598 450 691 500 LIBER
709 451 759 498 L·
863 455 912 502 ³01

160 551 226 623 riae,
242 562 321 610 tauta
332 552 461 610 vitae'vis
474 561 517 608 est
532 549 566 607 in'
575 548 693 608 homine
704 548 820 608 vivente
834 567 916 608 mor-

161 641 270 698 taliter!
295 638 373 713 Quid
396 640 485 716 igitur
504 657 604 716 agam,
627 650 659 696 tu
678 657 749 696 vera
772 657 837 697 mea
857 640 918 698 vita

161 735 241 788 Deus
256 731 354 788 meus?
370 728 510 787 Transibo
528 741 557 786 et
574 729 650 786 ha'nc
663 729 723 786 vim
742 747 835 786 meam
850 749 917 807 quae

75 845 80 850 ·
162 819 302 879 memoria
318 831 449 890 vocatur,
462 817 592 876 transibo
612 837 675 876 eam
691 829 725 875 ut
744 818 916 894 pertendam

160 909 201 967 ad
214 921 257 983 te,
275 909 360 966 dulce
374 910 481 966 lumen.
496 908 573 983 Quid
585 908 657 966 diois
669 908 758 966 mihi?
771 912 847 968 Ecce
861 929 915 986 ego

162 998 318 1056 ascendens
340 1003 395 1074 per
411 998 538 1055 animum
551 1016 648 1055 meum
663 997 700 1054 ad
720 1009 749 1056 te
763 998 815 1074 qui
830 998 916 1056 desu-

160 1105 214 1165 per
234 1087 306 1145 mihi
320 1105 428 1144 manes.
441 1086 580 1144 Transibo
594 1098 622 1145 et
633 1086 717 1144 istam
731 1087 791 1144 vim
805 1108 915 1159 meam,

160 1198 226 1256 quae
257 1177 398 1235 memoria
420 1189 556 1247 vocatur,
582 1178 682 1234 volens
713 1188 742 1234 te
776 1178 916 1255 attingere

160 1267 238 1325 unde
259 1266 360 1344 attingi
377 1277 474 1343 potes,
494 1277 523 1324 et
541 1265 683 1324 inhaerere
703 1265 757 1324 tibi
778 1266 856 1325 unde
873 1267 916 1325 in-

160 1356 271 1414 haerere
286 1355 339 1414 tibi
352 1366 456 1433 potest.
474 1353 590 1413 Habent
608 1355 684 1413 enim
702 1358 872 1424 memoriam
888 1370 916 1416 et

160 1466 268 1524 pecora
287 1458 316 1505 et
339 1465 422 1518 aves;
434 1445 563 1521 alioquin
581 1465 640 1502 non
663 1443 772 1502 cubilia
794 1446 915 1505 nidosve

161 1549 341 1616 repeterent,
354 1556 413 1594 non
432 1536 488 1593 alia
505 1535 596 1593 multa
612 1534 718 1611 quibus
734 1550 916 1607 assuescunt,

161 1647 256 1703 neque
276 1627 354 1684 enim
374 1638 403 1683 et
418 1643 582 1684 assuescere
600 1623 731 1690 valerent
749 1624 816 1682 ullis
829 1625 917 1684 rebus

160 1716 216 1776 nisi
235 1736 289 1793 per
310 1717 488 1780 memoriam.
502 1713 643 1772 Transibo
664 1733 733 1791 ergo
754 1727 782 1772 et
805 1734 917 1774 memo-

161 1806 248 1878 riam,
261 1818 295 1865 ut
305 1807 441 1883 attingam
455 1826 522 1864 eum
536 1805 587 1881 qui
598 1805 743 1880 separavit
754 1825 800 1864 me
812 1825 829 1863 a
843 1827 917 1883 qua-

162 1893 357 1971 drupedibus,
379 1906 408 1952 et
426 1891 594 1952 volatilibus
620 1893 684 1950 coeli
712 1894 916 1970 sapientiorem

162 2004 209 2044 me
223 1984 299 2042 fecit.
317 1984 456 2052 Transibo
471 1997 499 2046 et
513 1981 699 2056 memoriam3
716 1995 745 2042 et
759 1983 809 2042 ubi
826 1998 853 2043 te
871 1987 917 2042 in-

161 2075 292 2147 veniam,
308 2095 378 2134 vere
396 2074 473 2142 bona
489 2085 518 2132 et
536 2092 638 2134 secura
655 2074 801 2133 suavitas?
819 2088 848 2132 et
865 2074 918 2132 ubi

162 2177 190 2222 te
215 2165 383 2223 inveniam?
402 2165 432 2224 Si
451 2175 558 2242 praeter
580 2163 751 2221 memoriam
774 2183 866 2222 meam
891 2177 919 2222 te

160 2255 293 2328 invenio,
309 2256 461 2314 immemor
480 2253 522 2312 tui
540 2273 613 2312 sum.
634 2256 671 2312 Et
691 2254 838 2332 quomodo
856 2253 917 2331 jam

160 2346 304 2404 inveniam
320 2357 362 2417 te,
375 2345 400 2404 si
413 2363 524 2404 memor
536 2363 595 2402 non
609 2363 673 2402 sum
688 2344 751 2404 tui?

400 2521 532 2582 CAPUT
553 2522 675 2585 XVIII.

191 2689 248 2735 Non
261 2684 411 2734 inveniretur
427 2699 457 2732 ea
474 2699 512 2732 res
531 2698 583 2748 quae
599 2682 699 2742 excidit,
713 2683 760 2731 nisi
778 2685 891 2734 memoria

468 2772 599 2814 teneretur.

206 2909 253 2968 27.
279 2912 448 2970 Perdiderat
469 2913 544 2970 enim
567 2912 672 2970 mulier
688 2912 869 2985 drachmam,
889 2929 917 2972 et

165 3001 299 3079 ciuaesivit
323 3020 386 3058 eam
407 3021 473 3058 cum
497 3003 615 3060 lucerna
636 3011 662 3072 ¹,
681 3016 710 3060 et
730 3005 783 3060 nisi
808 3025 918 3062 memor

202 3178 211 3204 1
225 3173 282 3220 Luc.
294 3185 333 3229 rr,
347 3174 370 3219 8.
