2326 4020
244 559 275 602 76
427 557 453 604 S.
473 554 656 610 aueusntntt
673 555 817 612 Easscort

241 656 387 732 ritiaplus
400 651 543 723 habendi,
557 665 587 710 et
600 651 707 720 damno
724 666 818 714 totum
833 654 985 724 amittendi
990 679 999 727 ;

242 744 366 821 amplius
385 742 510 804 amando
526 742 680 819 proprium
699 755 950 822 menumquam
971 758 1000 812 te

242 835 371 892 omnium
392 832 514 896 bonum.

510 991 643 1064 clrur
665 945 738 1054 rx(

276 1151 409 1202 Discrimen
426 1150 491 1200 inter
506 1157 615 1216 peccata,
630 1157 654 1197 et
671 1148 735 1198 inter
747 1148 792 1198 Dei
804 1149 922 1214 judicium
938 1160 961 1199 et

548 1227 682 1279 hominum.

283 1373 328 1429 17.
346 1373 403 1433 Sed
415 1373 492 1438 inter
505 1371 613 1450 flagitia
627 1383 656 1429 et
668 1370 798 1436 lacinora
809 1385 839 1428 et
853 1384 911 1442 tam
925 1377 998 1433 mul-

240 1478 282 1524 tas
295 1463 471 1542 iniquitates,
484 1477 551 1525 sunt
563 1475 682 1541 peccata
695 1463 919 1540 proficientium,
932 1485 996 1540 qnae

239 1553 346 1615 aheno
357 1551 558 1631 judicantibus
573 1564 603 1610 et
622 1552 826 1632 vituperantur
843 1574 882 1612 ex
896 1556 999 1631 regula.

238 1642 435 1720 perfectionis,
451 1656 480 1701 et
495 1641 652 1708 laudantur
666 1662 718 1720 spe
730 1641 834 1720 frugis,
844 1643 920 1714 sicut
932 1643 995 1700 her·

237 1733 275 1792 ba
289 1733 400 1812 segetis.
417 1737 456 1793 Et
472 1745 539 1798 sunt
552 1732 687 1810 quaedam
707 1732 811 1800 similia
825 1735 872 1802 uel
887 1733 995 1812 flagitio

237 1823 283 1880 vel
293 1823 464 1896 facinorict
473 1843 534 1890 non
546 1834 613 1888 sunt
622 1834 756 1900 paccata3
764 1823 838 1898 ,quia
847 1841 901 1880 nec
913 1835 942 1880 te
953 1823 994 1882 os·

238 1912 360 1982 fendunt
373 1912 531 1980 Dominum
547 1915 643 1980 Duum
656 1923 805 1984 nostrum,
818 1931 873 1972 uec
888 1913 995 1980 sociale

237 2004 415 2071 consortium
431 2025 438 2060 ε
453 2023 520 2068 cum
539 2001 731 2072 conciliantur
744 2002 842 2079 aliqua
863 2003 894 2060 in
910 2022 994 2072 usum

236 2094 444 2170 vitaeucougrua
458 2093 598 2171 tempori,
611 2105 646 2160 et
659 2091 803 2162 incertum
819 2105 911 2164 eatan
922 2093 994 2155 libi-

237 2181 304 2240 dine
320 2182 469 2256 habendia
478 2195 528 2250 aut
544 2182 707 2260 puniuntur
719 2181 884 2260 corrigendi
898 2182 994 2250 studio

236 2281 379 2346 potestate
390 2271 543 2345 ordinata,
558 2285 587 2330 et
605 2272 748 2339 incertum
763 2284 806 2341 est
820 2291 859 2330 an
872 2269 999 2344 libidine

236 2360 369 2420 nocendi.
380 2363 472 2423 Multa
484 2364 583 2441 itaque
593 2363 670 2430 facta
682 2383 747 2441 quae
757 2362 925 2428 hominibus
938 2364 993 2422 im—

235 2450 388 2528 probanda
393 2449 579 2526 uiderentur,
593 2453 757 2522 testimonio
768 2465 819 2521 tuo
829 2452 993 2531 approbata

235 2553 317 2614 sunt3
332 2553 366 2598 et-
380 2542 471 2610 multa
490 2541 606 2601 laudata
620 2542 658 2601 ab
679 2542 847 2610 hominibus
853 2587 864 2616 ,
877 2556 905 2602 te
919 2557 992 2605 teste

236 2631 411 2700 damnantur
428 2653 435 2688 :
451 2651 518 2691 oum
529 2649 608 2711 saepe
628 2653 657 2690 se
678 2635 761 2699 aliter
775 2633 865 2692 habet
880 2636 1001 2711 species,

216 2773 217 2778 ,
234 2721 317 2794 faeti,
329 2733 358 2778 et
369 2722 454 2782 aliter
465 2721 597 2781 ¹facientis
610 2721 737 2792 animus,
753 2735 840 2801 atque
852 2723 991 2786 articulus

233 2810 340 2867 occulti
362 2811 508 2890 tem-poris.
528 2813 600 2870 Cum
616 2829 688 2870 vero
702 2811 812 2888 alicuid
825 2825 858 2886 tu
869 2825 990 2890 repente

233 2899 403 2958 inusitatum
429 2913 458 2960 et
479 2900 670 2978 improvisum
688 2900 840 2977 imperas,
859 2902 991 2973 etiamsi

232 2989 289 3045 hoc
300 2988 454 3066 aliquando
462 2990 593 3062 vetuisti,
602 2990 734 3067 quamvis
747 3009 863 3050 causam
872 2991 991 3072 imperii

232 3081 274 3137 tui
295 3101 349 3158 pro
372 3093 502 3159 tempore
523 3082 668 3152 occultes,
686 3094 715 3139 et
735 3081 867 3159 quamvis
888 3096 991 3142 contra

230 3185 347 3247 pactum
363 3173 400 3232 sit
409 3172 575 3248 aliquorum
586 3172 736 3235 homiuum
748 3173 909 3245 societatis3
922 3174 989 3251 quis

231 3259 345 3320 dubitet
356 3279 416 3320 esse
430 3259 606 3334 faciendum,
620 3261 738 3340 quando
751 3280 786 3334 ca
794 3259 874 3338 justa
883 3273 927 3320 est
938 3282 988 3322 so-
