2356 4018
346 425 711 499 commonstrarem
728 445 773 495 nr.
856 503 857 508 ,
887 451 935 499 ror

182 547 253 607 stica
268 547 319 606 lite
341 546 544 620 dissenserint,
567 562 595 608 et
618 557 735 608 causam
755 546 937 624 familiariter

96 711 102 718 ι
183 651 361 716 quaererent3
373 633 497 698 docebat
508 640 557 698 illa
570 639 736 698 institutum
748 659 843 713 suum,
857 640 938 719 quod

182 731 460 810 supramemoravi.
482 735 553 806 Quas
578 729 790 803 observabant,
810 743 938 808 expertas

182 817 415 896 gratulabantdr3
429 837 495 898 quae
506 837 566 878 non
579 817 786 892 observabant,
798 818 939 898 subjectae

182 907 375 968 vexabantur.

223 999 272 1059 20.
290 1005 412 1062 socrum
428 1001 514 1059 etiam
526 1015 607 1059 snam
623 999 719 1078 primo
736 1001 861 1060 susurris
874 1019 939 1059 ma-

175 1079 277 1148 larum
300 1089 475 1153 ancillarum
497 1088 636 1147 adversus
659 1107 690 1147 se
712 1090 877 1161 irritatam,
899 1093 940 1150 sic

183 1180 254 1239 vicit
266 1178 427 1259 obsequiis,
441 1197 630 1258 perseverans
643 1180 794 1238 tolerantia
813 1191 842 1239 et
855 1199 939 1239 man-

183 1271 350 1342 suetudine,
364 1283 397 1329 ut
408 1271 459 1329 illa
470 1270 552 1328 ultro
565 1269 625 1328 lilio
640 1287 692 1327 suo
707 1269 816 1328 medias
829 1268 941 1348 linguas

183 1359 357 1418 famularum
371 1359 521 1438 proderet,
535 1357 641 1435 quibus
653 1359 729 1416 inter
745 1374 776 1417 se
790 1371 819 1417 ct
835 1361 946 1418 durum.

183 1469 242 1528 pax
264 1450 421 1509 domestica
439 1445 625 1519 turbabatur,
649 1461 856 1527 expeteretque
874 1451 940 1509 vin-

185 1541 301 1601 dictam.
319 1546 422 1619 ltaque
439 1553 630 1620 posteaquam
649 1539 714 1612 ille,
731 1542 760 1598 'et
779 1541 865 1598 matri
884 1540 940 1600 ob-

185 1645 362 1710 temperans,
384 1643 412 1690 et
434 1649 537 1690 curans
560 1629 676 1688 familiae
694 1628 892 1709 disciplinam,
913 1647 944 1690 et

186 1719 347 1780 concordiae
362 1739 481 1780 suorum
496 1719 806 1798 consulens,*proditas
817 1720 854 1779 ad
868 1740 941 1800 pro-

186 1811 278 1872 dentis
292 1811 445 1872 arbitrium
458 1809 630 1870 verberibus
647 1811 793 1883 coercuit3
810 1813 944 1890 promisit

184 1903 234 1962 illa
248 1903 316 1962 talia
333 1903 370 1962 de
391 1921 421 1961 se
440 1901 561 1981 praemia
575 1919 695 1979 sperare
714 1899 835 1973 debere,
858 1923 941 1981 quae-

187 2009 310 2072 eumque
327 1993 364 2052 de
383 2011 436 2051 sua
456 2011 532 2050 nuru
550 1991 622 2065 sibi,
637 2005 696 2069 quc
716 1994 860 2070 placeret,
874 1995 943 2053 mali

187 2083 295 2162 aliquid
306 2083 476 2163 loqueretur
489 2105 497 2140 r
515 2083 653 2160 nullaque
663 2080 724 2159 jam
737 2083 870 2155 audente,
881 2074 943 2142 me-

186 2172 325 2233 morabili·
339 2175 416 2232 inter
431 2191 461 2232 se
476 2171 685 2232 benevolentias
701 2171 845 2232 suavitate
857 2173 942 2232 'vixe-

186 2275 263 2323 rutlt.
331 2285 334 2290 '

226 2351 275 2412 21.
293 2355 358 2412 Hoc
371 2369 490 2431 quoque
505 2352 549 2412 illi
569 2351 648 2412 bono
668 2349 814 2434 mancipio
834 2365 899 2424 tuo,
914 2355 943 2412 in

188 2443 269 2522 cujus
281 2456 366 2503 utero
379 2441 558 2515 mercasti,
571 2447 651 2504 Deus
665 2443 760 2514 meus,
775 2445 943 2504 miscricor-

187 2533 235 2594 dia
248 2547 328 2604 mea,
344 2549 448 2590 munus
465 2532 574 2611 grande
588 2532 761 2603 donaveras,
776 2532 855 2610 quod
869 2534 944 2594 inter

188 2623 357 2685 dissidentes
378 2637 466 2702 atque
488 2624 635 2685 discordes
657 2623 800 2701 quaslibet
821 2624 952 2712 animas,⁸

188 2714 239 2773 nbi
262 2727 394 2794 poterat,
416 2729 474 2773 tam
497 2733 528 2773 sc
552 2712 702 2792 praebebat
721 2711 889 2791 pacificam,
913 2727 944 2771 ut

176 2813 256 2862 'curn
269 2804 306 2864 ab
319 2818 443 2886 utraque
454 2807 545 2864 multa
558 2803 594 2864 de
603 2804 728 2862 invicem
742 2802 855 2862 audiret
868 2821 945 2862 arna-

190 2893 318 2965 tissima,
338 2897 435 2974 qualia
454 2897 528 2954 solet
545 2905 699 2953 eructuare
718 2906 835 2971 turgens
858 2908 946 2972 atque

190 2982 331 3062 indigesta
343 2985 501 3056 discordia,
514 2982 631 3062 quando
648 2984 783 3063 praesenti
795 2984 894 3044 amicae
909 2983 946 3044 dc

190 3071 309 3134 absente
327 3075 443 3135 inimica
455 3095 509 3155 per
524 3075 608 3134 acida
628 3074 772 3153 colloquia
791 3075 918 3134 cruditas
932 3074 945 3101 *

191 3162 342 3225 exhalatur
353 3166 501 3238 odiorum
516 3166 587 3226 nihil
602 3177 698 3226 tamen
710 3167 792 3224 alteri
807 3165 844 3225 de
856 3165 946 3223 altera
