2316 4020
326 481 578 533 CONFESSIONUM
595 483 690 532 LIBER
709 487 753 535 Vl.
870 489 916 554 145

141 609 242 668 quam
258 586 459 646 inveniebant.
482 589 518 644 Et
534 605 601 644 eum
619 585 738 664 quidem
751 588 783 648 in
805 591 918 667 populo

142 677 282 738 verbum
296 675 428 735 veritatis
441 687 520 734 recte
532 685 703 735 tractantem
715 675 798 736 omni
805 677 853 737 die
867 680 919 738 do·
1003 707 1006 710 ·

144 769 264 830 minico
276 765 448 838 audiebam
461 778 491 824 et
504 765 596 844 magis
608 767 757 844 magisque
769 768 842 826 mihi
851 790 918 830 con-

146 857 328 918 firmabatur
338 875 438 915 omnes
448 867 630 915 versutarum
642 857 852 918 calumniarum
866 880 916 919 uo

148 946 218 1020 dos,
232 966 309 1024 quos
318 945 361 1003 illi
370 944 541 1023 deceptores
550 945 643 1003 nostri
652 945 792 1006 adversus
803 946 916 1007 divinos

148 1035 261 1096 Libros
286 1033 484 1107 innectebant,
505 1053 592 1112 posse
611 1034 739 1094 dissolvi.
760 1036 820 1096 Ubi
844 1057 915 1098 vero

150 1128 242 1186 etiam
261 1126 392 1206 comperi
406 1125 444 1184 ad
460 1125 615 1204 imaginem
635 1139 714 1185 tuam
734 1127 882 1187 homiuem
899 1151 916 1188 a

152 1231 181 1277 te
197 1219 320 1290 factum,
332 1237 350 1276 a
360 1215 561 1295 spiritualibus
575 1211 641 1277 filiis
651 1219 707 1277 tuis
721 1238 795 1297 quos
810 1217 846 1278 de
857 1239 917 1278 ma-

154 1324 198 1368 tre
213 1309 363 1371 catholica
376 1328 431 1385 per
444 1309 567 1388 gratiam
586 1311 773 1388 regenerasti,
793 1331 851 1370 non
873 1313 914 1370 sic

152 1400 278 1480 intelligi
292 1411 325 1457 ut
338 1399 459 1457 humani
473 1400 605 1476 corporis
619 1401 713 1460 forma
730 1415 758 1460 te
775 1403 914 1461 termina-

153 1505 215 1551 tum
240 1489 397 1549 crederent
421 1502 508 1566 atque
533 1492 722 1568 cogitarent:
747 1513 913 1572 quanquam

150 1578 305 1660 quomodo
326 1600 356 1638 se
374 1578 497 1638 haberet
516 1581 676 1658 spiritualis
693 1581 863 1654 substantia,
877 1605 913 1643 ne

149 1671 273 1750 quidem
284 1670 410 1728 tenuiter
419 1670 549 1747 atquein
562 1671 715 1748 aenigmate
729 1673 912 1750 suspicabar;

149 1776 249 1822 tamen
270 1762 400 1842 gaudens
426 1760 531 1821 erubui
551 1783 610 1821 non
625 1783 672 1821 me
687 1775 728 1822 tot
745 1783 835 1823 annos
860 1767 914 1824 ad-

149 1874 254 1914 versus
267 1854 442 1913 catholicam
455 1853 554 1927 fidem,
569 1855 621 1913 sed
637 1868 740 1914 contra
754 1857 913 1916 carnalium

149 1945 365 2026 cogitationum
379 1945 514 2025 figmenta
534 1946 664 2004 latrasse.
682 1949 725 2004 Eo
742 1947 853 2025 quippe
868 1960 913 2005 te-

83 2082 92 2091 .
148 2038 295 2098 merarius
309 2048 339 2094 et
347 2036 454 2114 impius
468 2036 589 2109 fueram,
605 2036 685 2114 quod
696 2057 730 2095 ea
744 2057 808 2114 quae
821 2035 912 2097 debe-

147 2126 219 2188 bam
228 2121 388 2222 Qreudo
398 2126 527 2186 discere*
538 2125 702 2186 accusando
716 2120 856 2187 dixeram.
869 2133 911 2188 Tu
940 2130 943 2135 ’
985 2149 991 2162 ·

149 2220 239 2291 enirn,
251 2216 388 2276 altissime
403 2228 432 2274 et
441 2217 584 2294 proxime,
599 2218 790 2278 secretissime
800 2231 830 2277 et
838 2240 912 2299 prae·

149 2309 325 2381 tentissime,
346 2306 393 2366 cui
409 2307 541 2366 membra
560 2329 619 2367 non
634 2323 702 2368 sunt
722 2311 778 2370 alia
799 2311 917 2390 majora.

149 2413 180 2460 et
193 2400 251 2458 alia
264 2399 386 2472 minora,
400 2398 452 2457 sed
463 2398 714 2476 ubiquetotuses,
724 2413 753 2459 et
766 2423 909 2480 nusquam

148 2491 285 2550 locorum
296 2510 340 2562 es;
352 2509 411 2548 non
423 2509 454 2548 es
463 2489 564 2568 utique
577 2490 671 2548 forma
681 2491 736 2549 ista
748 2509 909 2570 corperea:
973 2557 978 2565 ,

150 2594 249 2640 tamen
268 2579 360 2647 fecisti
374 2579 522 2638 bominem
536 2578 573 2636 ad
588 2579 743 2658 imaginem
768 2593 865 2653 tuam;
880 2595 909 2640 et

149 2689 219 2730 ecce
233 2671 296 2748 ipse
315 2690 334 2729 a
349 2671 446 2748 capite
462 2669 605 2747 usquead
621 2670 711 2747 pedes
730 2671 760 2727 in
774 2673 841 2729 loco
855 2683 907 2730 est.

421 2862 554 2924 CAPUT
577 2863 633 2928 IV.

168 3005 436 3084 Docnmam'Ecclesie
451 3032 581 3083 Ambrosio
597 3033 755 3087 concionante
769 3038 888 3106 intelligit.

191 3196 219 3254 5.
233 3200 306 3254 Cum
318 3215 389 3274 ergo
406 3196 546 3257 nescirem
567 3199 715 3276 quomodo
733 3200 795 3258 haec
811 3201 908 3262 subsi-

676 3329 678 3332 ·
769 3307 800 3352 13
