2394 4010
260 494 311 540 270
444 491 469 540 S.
487 489 668 541 tueus‘rmr
686 487 828 538 Efflffll

431 827 575 906 LIBER
600 827 836 914 DECIMUS.

288 1021 429 1068 serutatur
446 1013 583 1076 deinceps,
601 1026 632 1062 ae
652 1013 739 1074 palam
758 1018 938 1076 contestatur,
959 1027 1014 1067 non

259 1088 345 1151 quatis
364 1093 441 1136 antea
458 1092 540 1147 esset,
559 1084 604 1134 sed
625 1083 710 1146 qualis
731 1097 812 1133 nunc.
833 1087 915 1133 Deum
936 1099 1014 1147 quem

258 1159 346 1223 diligit
362 1159 451 1209 studet
471 1157 600 1217 indicare3
619 1157 735 1218 dumque
753 1170 800 1219 per
817 1155 921 1220 singula
939 1157 1014 1208 ducit

258 1245 347 1285 rtrum
366 1243 477 1294 genera,
494 1229 585 1279 multia
601 1229 714 1292 explieat
728 1229 860 1280 memorie
875 1229 927 1278 alm
937 1231 1015 1292 plane

258 1301 429 1364 stupendam,
447 1307 475 1350 et
493 1300 569 1364 quod
584 1313 632 1349 sua
650 1299 678 1348 in
696 1300 821 1353 memoria
839 1301 927 1350 locum
945 1303 1015 1352 neue

258 1373 355 1422 habeat
371 1373 534 1436 gratulatur.
548 1371 659 1434 inquirit
672 1371 701 1420 in
717 1378 802 1429 actus,
820 1371 848 1419 in
864 1383 971 1434 sensus,
987 1379 1014 1422 et

259 1443 371 1494 affectus
386 1457 449 1493 suos
464 1455 496 1493 ex
514 1443 612 1506 triplici
631 1443 778 1492 tentatione
793 1441 946 1506 voluptatis,
965 1457 1013 1492 eu-

259 1513 394 1575 nonium,
411 1529 441 1564 ae
461 1514 598 1578 superbire.
618 1513 759 1564 Dominum
776 1512 1012 1582 Christumjunum

258 1585 427 1635 mediatorem
441 1586 486 1636 Dei
497 1593 523 1636 et
532 1585 670 1635 hominum
682 1585 832 1647 confltetur,
843 1587 952 1647 ejusque
963 1598 1013 1648 ope

258 1655 338 1707 animi
350 1657 391 1708 aui
402 1659 546 1722 languora
556 1669 648 1708 omnes
659 1656 791 1708 sanandos
801 1670 857 1708 esse
868 1656 985 1708 confluit

460 1977 593 2064 eaeor
614 1926 800 2044 Pelorum.
921 2023 924 2028 .

398 2176 400 2180 ·
423 2155 452 2200 Iu
470 2153 522 2200 Deo
542 2151 592 2202 solo
609 2167 663 2218 spes
678 2159 702 2201 et
722 2085 858 2230 gauridum..

299 2308 326 2364 1.
340 2311 516 2385 cognoscam
529 2298 571 2380 ιε’,
588 2311 722 2386 cognitor
733 2329 823 2380 meus,
840 2317 1009 2387 cognoscam

218 2423 221 2430 ⁴
257 2395 331 2454 sicut
357 2409 385 2453 et
407 2396 536 2472 cognitus
557 2410 620 2456 sum
640 2407 659 2455 ¹.
691 2399 793 2457 Virtuo
809 2399 909 2456 animae
925 2397 1010 2468 inere,

256 2485 460 2555 introiretur,
476 2498 504 2543 et
516 2501 619 2565 coapta
629 2487 695 2558 tibi,
714 2500 748 2545 ut
759 2488 866 2546 habeas
879 2501 907 2545 et
918 2488 1011 2566 possi-

240 2574 324 2638 *deas
338 2575 398 2634 sine
418 2577 530 2634 macula
548 2591 576 2636 et
588 2595 660 2655 ruga
670 2587 691 2634 ².
713 2581 782 2635 Haec
797 2590 839 2635 est
860 2596 924 2655 spes
937 2596 1009 2648 mea,

255 2663 322 2722 ideo
332 2665 454 2741 loquor3
477 2678 505 2723 et
518 2665 549 2722 in
568 2685 602 2725 ea
613 2685 664 2743 spe
678 2665 808 2742 gaudeo,
831 2664 948 2742 quando
964 2683 1019 2722 sa—·

256 2773 323 2813 num
339 2756 351 2781 *
369 2755 492 2833 gaudeo.
518 2759 630 2816 Caetera¹
646 2775 717 2815 vero
738 2756 804 2814 vitae
824 2755 910 2833 hujus
930 2763 1009 2814 tento

255 2844 350 2912 minus
372 2844 485 2916 flenda,
511 2859 619 2922 quanto
641 2845 730 2922 magis
751 2843 855 2916 fletur3
882 2857 910 2904 et
931 2855 1010 2902 tanto

254 2933 345 3009 magis
359 2934 470 3006 flenda,
485 2948 593 3011 quanto
606 2935 702 2992 minus
715 2933 802 2992 fletur
815 2934 846 2991 in
859 2934 909 2992 eis.
934 2937 1009 2992 Ecce

254 3023 329 3080 enim
349 3025 499 3082 veritatem
516 3024 647 3082 dilexisti
663 3023 690 3095 ³,
713 3025 849 3100 quoniam
871 3025 922 3102 qui
943 3023 1011 3081 feeit

291 3211 299 3268 ,¹
308 3205 322 3280 ΙΙ
334 3204 390 3252 Cor.
405 3217 463 3259 xm,
476 3203 516 3250 12.
530 3227 566 3238 ·-
579 3201 687 3266 ’Ephem
699 3219 722 3262 v,
735 3190 776 3252 27.
792 3201 927 3253 -³1>sal.
942 3219 970 3261 n,
985 3206 1013 3250 8.

1174 3157 1192 3220 ⁴
