2394 4010
361 432 610 491 corrrssrorrum
629 435 725 482 muru
738 423 776 482 x.
896 438 951 482 aar·

447 589 581 670 curor
601 589 689 652 xiv.

211 753 339 819 Quomodo
350 752 467 802 memoria
480 751 588 801 continet
599 751 699 800 affectus
715 752 797 801 animi.
809 757 874 802 Laeta
883 771 932 802 non

383 832 431 906 laeti
442 827 563 898 quomodo
571 831 736 884 recordamur·
926 826 929 831 ’

234 983 282 1041 21.
309 982 485 1052 Affectiones
508 1001 626 1058 quoque
652 981 738 1040 enimi
766 983 826 1062 mei¹
846 984 946 1041 eadem

194 1072 332 1132 memoria
345 1071 473 1130 continet
488 1092 495 1127 :
512 1090 570 1127 non
584 1071 634 1128 illo
649 1069 737 1127 modo
752 1090 811 1146 quo
827 1091 875 1128 eas
892 1072 947 1128 ha-

192 1163 244 1222 bet
258 1163 320 1240 ipse
332 1162 445 1220 animus
458 1181 525 1219 cum
539 1160 650 1238 patitur
664 1181 725 1232 eas3
741 1160 791 1218 sed
805 1161 862 1218 ulio
875 1164 948 1219 mul-

194 1269 255 1314 tum
279 1254 409 1325 diverso,
423 1253 499 1311 sicut
520 1272 582 1310 sese
605 1252 695 1310 habet
722 1253 765 1312 vis
791 1256 946 1310 memoriae.

191 1349 265 1417 Nam
285 1357 315 1410 et
330 1345 456 1402 laetatum
478 1362 524 1400 me
539 1343 625 1402 fuisse
641 1343 811 1402 reminiscor
825 1363 883 1402 non
897 1346 948 1401 lae-

192 1449 255 1509 tus,
276 1447 307 1493 et
326 1435 470 1493 tristitiam
492 1453 586 1492 meam
608 1434 786 1511 praeteritam
808 1437 948 1494 recordor

192 1545 251 1585 non
266 1523 363 1597 tristis,
374 1537 403 1582 et
413 1543 459 1582 me
469 1524 624 1601 aiiquando
635 1524 763 1582 timuisse
774 1526 871 1582 recolo
886 1527 947 1583 sine

194 1616 312 1686 timore,
332 1626 362 1672 et
374 1614 502 1691 pristinae
526 1613 691 1691 cupiditatis
711 1613 772 1670 sine
789 1614 947 1692 cupiditate

194 1727 258 1766 sum
278 1723 403 1776 momen
426 1703 583 1782 aliquando
603 1724 619 1762 e
641 1703 787 1762 contrario
805 1705 948 1762 tristitiam

195 1783 480 1876 meamltrausactam
496 1797 579 1852 laetus
604 1793 785 1865 reminiscor,
808 1807 837 1852 et
861 1795 949 1854 tristis

194 1885 332 1945 lotitiam.
344 1884 430 1956 Quod
441 1882 605 1940 mirandum
617 1902 676 1940 nou
690 1895 733 1940 est
751 1883 786 1940 de
805 1904 929 1960 corpore
941 1907 947 1938 :

173 2025 174 2030 ,
194 1970 274 2034 aliud
285 1974 361 2034 enim
372 1971 498 2046 animus,
509 1972 588 2032 aliud
599 1992 714 2048 corpus.
726 1976 829 2048 Itaque
841 1974 864 2029 si
878 1992 949 2048 prae-

171 2111 174 2119 .
194 2063 310 2124 teritum
323 2063 451 2124 dolorem
465 2053 597 2140 corporis
608 2062 735 2142 gaudens
748 2051 878 2134 memini,
890 2084 948 2122 non

193 2155 234 2214 ita
247 2156 354 2214 mirum
371 2165 423 2212 est.
440 2153 494 2214 Hic
509 2173 579 2212 vero
600 2174 664 2212 cum
682 2153 794 2211 animus
808 2153 845 2212 sit
862 2155 948 2212 etiarn

192 2244 256 2322 ipsa
269 2241 409 2304 memoria
429 2262 436 2298 t
450 2261 516 2306 uam
530 2255 559 2302 et
573 2264 639 2302 cum
651 2244 825 2302 mandamus
839 2244 949 2319 aliquid

193 2347 226 2394 ut
239 2333 407 2394 memoriter
420 2332 578 2405 habeatur,
591 2333 730 2406 dicimus,
743 2333 816 2397 Vide
830 2346 863 2392 ut
877 2335 949 2393 illud

192 2425 222 2484 in
232 2426 327 2506 auimo
339 2423 448 2484 habeas
453 2446 462 2496 ;
474 2436 504 2482 et
517 2445 584 2483 cum
594 2425 807 2495 obliviscimur,
818 2423 948 2495 dicimus,

192 2520 257 2578 Nou
283 2515 343 2573 tuit·
356 2514 388 2572 in
410 2513 523 2583 auim03
545 2525 590 2584 et,
612 2515 749 2590 Elapsum
769 2525 812 2571 est
836 2515 948 2584 auim03

193 2607 286 2684 ipsam
301 2603 470 2666 memoriam
485 2615 622 2662 vocantes
634 2603 761 2660 animum
777 2625 784 2658 :
801 2624 866 2662 cum
880 2605 949 2681 ergo

195 2695 235 2752 ite
249 2695 298 2765 sit,
313 2693 384 2770 quid
399 2706 442 2751 est
451 2693 508 2751 hoc
523 2692 603 2769 quod
618 2712 683 2750 curn
697 2691 842 2750 tristitiam
856 2687 950 2752 meam

194 2783 371 2859 praeteritam
392 2784 474 2848 laetus
489 2781 620 2852 memini,
639 2781 753 2856 animus
769 2780 859 2840 habet
874 2783 949 2840 laeti-
1034 2857 1037 2860 Ι

196 2871 280 2943 tiam,
294 2883 323 2930 et
340 2873 478 2932 memoria
498 2871 659 2943 tristitiam3
675 2873 823 2948 laetusque·
834 2885 877 2930 est
892 2875 951 2934 onir

195 2981 261 3022 mus
275 2981 312 3019 cx
326 2963 458 3039 eoquod
470 2965 545 3022 inest
559 2963 586 3021 ei
600 2962 714 3034 laetitia,
728 2961 869 3026 memoria
879 2983 950 3023 vero

195 3071 232 3110 cx
241 3072 276 3111 eo
286 3042 367 3130 quod
377 3052 451 3110 inest
461 3054 487 3112 ei
494 3043 621 3126 tristitia,
632 3051 720 3122 tristis
732 3073 790 3110 non
801 3065 844 3112 est
853 3055 864 3110 i
873 3056 950 3111 Num
982 3127 984 3134 X

193 3142 270 3200 forte
279 3161 338 3202 non
348 3142 475 3220 pertinet
483 3143 519 3202 ad
527 3145 751 3218 animumPQuis
760 3142 817 3202 hoc
828 3141 951 3202 dixerit?
