2356 4018
349 435 599 506 CONFESSIONUM
617 439 711 492 ttnntt
730 445 776 492 IX.
892 444 942 495 245

185 541 263 598 Deus
285 548 398 606 noster,
421 537 463 594 tui
480 557 593 612 sumus3
614 541 743 601 indicant
765 541 944 600 hortationes

185 640 215 686 et
226 627 436 687 consolationes
446 641 525 688 tuae:
542 631 635 690 fidelis
649 634 824 711 promissor,
838 631 943 691 reddes

185 718 444 796 Verecundo‚·pro
465 738 534 777 rure
550 720 603 778 illo
621 721 684 799 ejus
702 721 877 792 cassiciaco,
890 720 943 780 ubi

184 805 223 866 ab
233 821 307 888 aestu
321 809 418 866 saecnli
436 809 635 886 requievimus
647 813 678 870 in
692 825 734 885 te,
749 813 943 871 amoenitatem

128 913 131 926 ·
184 900 358 978 sempiterne
376 901 497 960 virentis
517 903 646 980 paradisi
660 904 720 975 tui,
734 903 872 984 qnoniam
893 903 941 960 di-

183 989 288 1048 misisti
306 990 333 1048 ei
354 1004 474 1070 peccata
491 1009 582 1070 snper
600 1005 725 1067 terram,
736 994 767 1051 in
782 1004 880 1051 monte
894 994 941 1050 in-

184 1091 309 1150 caseato,
319 1091 421 1138 monte
435 1091 501 1152 tuo,
511 1093 609 1140 monte
623 1080 708 1140 uberi
723 1093 743 1138 ¹.

224 1170 252 1227 6.
267 1169 435 1248 Augebatur
448 1189 517 1250 ergo
533 1185 602 1232 tunc
615 1174 694 1253 ipset
714 1171 871 1232 Nebridins
888 1191 941 1231 au-

183 1271 241 1318 tem
250 1259 458 1346 collaetabatur.
466 1264 606 1337 Quamvis
614 1264 691 1324 enim
703 1275 732 1322 et
739 1265 802 1341 ipse
809 1262 940 1339 nondum

182 1343 358 1410 christianus
374 1353 404 1410 in
419 1353 499 1412 illam
513 1354 627 1413 foveam
644 1355 881 1433 perniciosissimi
893 1371 942 1412 er-

181 1443 255 1500 roris
273 1442 432 1516 inciderat,
459 1457 493 1502 nt
512 1446 650 1504 Veritatis
668 1445 734 1504 Filii
755 1445 798 1503 tui
823 1463 940 1502 carnem
969 1488 974 1497 ,

180 1529 530 1610 phantasma·'crederet;
560 1547 656 1592 tamen
683 1534 753 1592 inde
780 1551 939 1611 emergens,

179 1622 222 1686 sic
252 1622 308 1681 sibi
340 1635 417 1696 erat,
455 1622 587 1681 nondum
622 1623 689 1681 ullis
713 1623 852 1688 Ecclesiae
882 1635 939 1680 tuae
1040 1617 1042 1624 ’

179 1711 367 1769 sacramentis
387 1709 533 1783 imbutus,
555 1709 606 1770 sed
626 1709 781 1790 inquisitor
792 1711 938 1768 ardentis-

180 1801 269 1888 simus
296 1801 436 1878 raritatis.
466 1805 560 1878 Quem
585 1819 645 1860 non
667 1801 760 1860 multo
779 1811 846 1878 post
869 1818 939 1856 con-

179 1891 344 1954 versionem
359 1902 489 1948 nostram
507 1903 537 1948 et
552 1889 802 1966 regenerationem
816 1890 871 1964 per
884 1892 938 1944 Ba-

177 1979 317 2060 ptismum
327 1989 419 2051 tuum,
430 1978 527 2056 ipsum
539 1979 626 2036 etiam
635 1969 751 2037 fidelem
759 1978 938 2040 ,catholicum

179 2069 309 2127 castitate
333 2069 463 2146 perfecta
487 2079 575 2146 atque
596 2067 774 2128 continentia
795 2067 853 2127 tibi
873 2085 937 2126 ser—

177 2161 305 2220 vientem
320 2161 351 2219 in
363 2161 461 2220 Africa
476 2156 556 2237 apud
572 2176 654 2232 auos,
675 2173 818 2219 cnmtota
833 2159 940 2220 domus

178 2249 241 2328 ejus
269 2268 323 2330 per
346 2268 413 2311 eum
443 2250 599 2329 cltristiana
624 2252 700 2309 facta
722 2262 817 2322 esset,
850 2269 937 2310 carne

179 2339 308 2414 solvisti;
334 2354 373 2399 et*
384 2357 463 2400 nuno
485 2335 535 2412 ille
554 2340 628 2400 vivit
646 2341 682 2400 in
698 2341 764 2400 sinu
778 2340 936 2404 Abraham.

179 2430 329 2510 Quidquid
343 2430 416 2489 illud
433 2444 476 2490 est
489 2431 569 2509 quod
583 2432 636 2491 illo
648 2431 825 2509 significatur
838 2432 902 2490 sinu
913 2439 935 2502 ¹,

217 2595 301 2646 1rsat.
317 2611 399 2656 narrt,
412 2600 451 2646 16.

200 2675 298 2742 ''Qnid
307 2676 363 2726 sinu
376 2675 481 2726 Abrahae
492 2673 619 2742 significari
628 2671 759 2724 crediderit
769 2673 933 2740 Augustinus,

176 2756 272 2822 apernit
285 2753 338 2824 ipse
347 2766 429 2826 postea
446 2757 474 2806 in
486 2755 529 2808 lib.
543 2759 559 2804 l
574 2753 605 2804 de
615 2752 705 2804 Anima
721 2761 746 2802 et
759 2751 811 2820 ejas
826 2751 937 2820 Origine,

176 2849 199 2888 e.
212 2837 256 2896 lo,
265 2853 290 2888 n.
301 2842 353 2893 24:
368 2862 381 2882 α
392 2839 478 2891 sinum
491 2833 597 2887 Abrahae
608 2833 714 2901 intellige
727 2831 845 2902 remotam
856 2834 937 2885 sedem

177 2937 190 2959 ι
202 2915 292 2982 quietis
317 2927 390 2983 atque
413 2926 541 2978 sacramur,
563 2912 605 2966 ubi
623 2921 659 2963 est
678 2911 817 2974 Abraham
837 2922 862 2964 et
882 2913 937 2964 ideo

111 3051 113 3056 ,
176 2993 308 3054 »Abrahae
322 2985 414 3046 dictum
425 3013 475 3048 nnn
485 2994 551 3065 quod
563 2993 639 3062 ipsias
653 3001 746 3046 tantum
759 2993 802 3054 sit,
814 2993 856 3046 sed
871 2994 939 3061 quod

175 3099 188 3120 υ
199 3077 250 3146 ipse
260 3087 328 3145 pater
343 3079 471 3129 multarum
483 3076 591 3146 gentium
602 3075 633 3127 sit
645 3077 748 3145 positrrc,
760 3077 848 3144 quibus
859 3075 938 3127 estad

175 3181 188 3201 n
200 3157 343 3211 imitandum
363 3160 419 3220 fidei
437 3151 573 3229 principatu
593 3159 737 3226 propositus.
755 3181 769 3234 ,⁸²
808 3153 811 3166 '
