2316 4020
276 469 324 514 lte
456 467 482 514 S.
501 465 682 515 accusauit
699 464 841 514 urtscort

273 564 396 636 sciebas,
411 568 504 634 Deras3
521 584 575 622 nec
593 563 742 626 indicabas
763 563 836 624 mibi
854 583 908 622 nec
929 564 1037 638 matri,

274 675 338 734 qnae
354 675 400 713 me
414 655 579 732 proiectum
596 656 733 716 atrociter
749 655 876 731 planxit,
892 668 923 712 et
937 674 1035 732 nsque

275 746 311 804 ad
324 765 404 818 mare
419 758 518 807 secuta
528 757 579 804 est.
591 745 647 804 Sed
659 744 749 804 fefelli
757 763 820 804 eam
830 744 973 814 violenter
985 765 1035 804 me

276 846 434 906 tenentem,
448 846 480 890 ut
494 845 544 890 aut
555 845 720 903 revocaret,
734 844 785 890 aut
798 851 911 892 mecum
923 853 1034 910 penge-

276 936 335 995 ret;
350 935 379 982 et
392 923 464 980 finxi
482 942 528 980 me
540 923 666 982 amicum
680 923 758 988 nulle
772 922 923 996 deserere,
937 923 1034 982 donec

277 1027 364 1074 vento
383 1014 460 1074 facto
480 1015 638 1090 navigaret.
655 1017 691 1075 Et
704 1013 842 1074 mentitus
856 1033 918 1072 sunt
932 1013 1034 1084 matri,

278 1117 307 1161 et
320 1103 362 1161 illi
377 1103 476 1174 tnatri,
494 1115 523 1160 et
537 1104 615 1162 evasi
631 1125 638 1161 ι
653 1104 721 1180 quia
735 1115 765 1161 et
778 1103 834 1164 boc
849 1115 881 1162 tu
901 1102 1036 1164 dimisisti

278 1192 349 1250 mihi
363 1193 598 1264 misericorditer,
605 1212 722 1252 servans
732 1213 779 1250 me
793 1193 830 1250 ab
842 1192 924 1268 aquis
936 1192 1035 1264 matis,

278 1283 396 1360 plenum
411 1285 597 1344 exsecrandis
608 1283 758 1358 serdibus,
768 1303 861 1361 usqne
873 1282 909 1345 ad
926 1301 1035 1359 aquarn

278 1373 377 1448 gratiae
393 1386 464 1444 tuac,
477 1393 534 1450 qua
551 1393 597 1432 me
609 1373 709 1432 abluto
720 1375 900 1432 siccarentur
913 1371 1036 1430 flumina

278 1473 476 1520 maternorum
491 1463 658 1534 oculorum,
674 1461 782 1539 quibus
796 1481 852 1540 pro
873 1480 918 1518 me
932 1459 1036 1536 quoti·

281 1550 327 1608 die
341 1551 394 1610 tibi
409 1551 522 1630 rigabat
534 1565 640 1610 terram
655 1551 709 1612 snb
720 1551 804 1610 vultu
818 1554 924 1610 sn0.Et
938 1561 1038 1608 tamen

279 1645 424 1698 recusanti
445 1641 505 1698 sine
523 1661 570 1698 me
592 1640 705 1711 redire,
725 1641 776 1698 vix
796 1639 927 1716 persuasi
949 1650 982 1696 ut
1006 1637 1038 1697 in

281 1731 361 1800 loco,
376 1731 427 1806 qui
441 1729 592 1806 proximus
606 1742 711 1786 nostrae
727 1728 795 1786 navi
814 1739 878 1784 erat
896 1725 1039 1786 memorie

280 1817 361 1878 beati
371 1819 523 1896 Cypriani,
536 1830 668 1874 maneret
677 1828 816 1876 cannete.
829 1815 886 1878 sed
900 1835 935 1874 ea
948 1827 1038 1875 noete

282 1909 414 1968 clanculo
428 1927 482 1986 ego
495 1906 646 1983 profectus
657 1923 721 1967 snm
732 1922 739 1961 ε
751 1905 801 1970 iila
815 1915 912 1964 autern
923 1913 1040 1966 reinau-

282 1998 339 2054 sit*
350 1997 460 2056 orando
470 2007 500 2053 et
510 1994 616 2054 flendo.
624 1998 664 2052 Et
671 1993 770 2069 qriida
780 2005 808 2050 te
819 1990 949 2070 petebat,
955 1996 1040 2052 neas

283 2104 378 2157 naeus,
392 2085 480 2144 tantis
493 2082 642 2158 iacrymis,
657 2082 712 2143 nisi
725 2095 759 2140 nt
771 2083 907 2160 navigare
920 2099 1039 2141 menon

283 2175 410 2242 sineres?
430 2172 487 2232 Sed
509 2184 541 2230 tn
560 2172 618 2230 alte
639 2173 808 2244 consulens,
830 2183 860 2231 et
879 2169 1040 2252 eraudicus

283 2261 430 2319 cardinem
442 2260 579 2328 desiderii
593 2259 670 2338 ejus,
679 2262 859 2324 cruentasti
873 2260 953 2338 qnod
968 2272 1038 2320 tuuc

283 2349 416 2424 petebat,
429 2363 462 2408 nt
476 2351 506 2408 in
519 2369 564 2408 me
582 2351 691 2410 iaceres
704 2352 717 2376 *
731 2350 812 2428 quod
827 2368 943 2432 semper
954 2360 1039 2424 pete·

283 2438 342 2496 bat.
356 2439 451 2498 Flevit
467 2452 584 2511 ventus,
599 2452 628 2498 et
647 2440 780 2518 implevit
797 2440 862 2498 vela
877 2449 995 2506 nosne,
1009 2447 1040 2496 et
1085 2475 1090 2482 ·

283 2529 363 2586 littus
391 2528 537 2593 subtraxit
570 2528 738 2606 aspectibus
757 2529 868 2592 nostris
892 2549 899 2583 ε
924 2527 953 2584 in
977 2545 1039 2603 qno

284 2637 368 2676 mane
377 2620 429 2688 ¹illa
442 2619 604 2680 insaniebat
614 2621 731 2690 dolare,
741 2630 771 2679 et
782 2617 923 2695 querelis,
938 2635 972 2672 ac
988 2633 1041 2690 ge·

285 2707 357 2782 initu
375 2708 516 2786 implebat
531 2729 615 2768 aures
632 2721 695 2769 tuas
714 2700 925 2774 contemnentis
941 2705 1039 2784 ista-*3

285 2817 351 2856 cum
362 2809 391 2862 et
397 2818 445 2866 ime
462 2791 670 2876 cupiditatibus
682 2797 754 2860 meis
764 2795 928 2874 raperes-ad
938 2794 1042 2864 finien

286 2885 336 2944 das
355 2887 433 2964 ipsas
453 2887 641 2964 cupiditates,
655 2899 685 2943 et
700 2885 779 2947 illius
794 2885 910 2946 carnale
928 2881 1041 2943 deside·

285 2978 362 3046 rium
371 2977 451 3054 justo
461 2979 597 3038 doiorum
613 2977 728 3054 flagelio
743 2976 904 3052 vapularet.
915 2971 1042 3034 Amabat

285 3068 361 3124 enirn
376 3088 474 3126 secum
494 3068 675 3144 praesentiam
693 3085 787 3124 meam
805 3083 885 3123 more
901 3076 1043 3133 matrum,

285 3159 335 3216 sed
352 3159 450 3216 multis
462 3159 553 3216 multo
566 3159 689 3236 amplius
698 3179 706 3228 ;
716 3169 746 3215 et
760 3155 909 3216 nesciebat
920 3154 993 3231 quid
1009 3168 1040 3212 tu
