2354 4034
256 471 306 518 5³2
575 467 687 518 INDEX·

701 561 706 564 -
956 541 987 581 1³2
1003 571 1010 582 .

256 603 288 648 11.
298 598 359 647 Cum
369 599 422 646 Deo
431 595 654 658 notasintaroana,
664 596 767 664 quidest
777 600 883 652 confiteri
892 602 935 654 illi.
958 555 1008 656 27⁸7

256 682 300 729 111.
311 680 367 741 Quo
380 667 459 727 Ir'uctu
473 675 627 728 confitebitur
643 678 756 746 deinceps
770 680 824 746 quis
836 682 875 742 sit,
890 699 939 734 non

292 757 438 825 quomens.
959 770 1009 818 ais

255 845 300 890 IV.
314 838 388 903 Quod
406 839 487 904 magni
500 839 549 890 sint
562 839 654 890 fructus
667 839 836 906 hujuscemodi
847 844 939 894 eunies-

291 919 373 970 sionis.
958 929 1010 976 280
1044 909 1049 920 ’

257 1007 289 1050 v.
307 1006 387 1054 Homo
396 1015 450 1050 sese
462 1009 540 1050 totum
553 1016 603 1050 non
615 1001 691 1051 novit.
959 1011 1009 1056 232

257 1086 300 1131 vl.
313 1081 379 1146 Quid
392 1089 468 1141 amat,
485 1097 540 1130 oum
553 1085 632 1130 Deum
646 1090 722 1142 amat3
735 1091 761 1132 et
774 1083 893 1148 quomodo
908 1101 939 1134 ex

292 1162 409 1214 erraturis
422 1166 487 1212 Deus
503 1161 660 1227 eognoscitur.
960 1171 1009 1217 283

258 1249 314 1294 VII.
332 1247 453 1314 Corporea
470 1251 515 1302 ¹aut
529 1243 645 1308 sensitiva
657 1243 747 1294 virtute
757 1247 823 1294 Deus
841 1259 891 1294 non
904 1245 940 1294 in·

292 1321 394 1373 venitur.
960 1329 1009 1374 Ito

256 1409 326 1455 VIII.
344 1401 469 1453 Memoriae
489 1403 534 1457 vis.
961 1409 1009 1454 287

257 1488 303 1534 ΙΧ.
314 1484 433 1536 Memoria
450 1483 638 1551 disciplinarum.
960 1491 1011 1536 290

258 1569 291 1616 X.
303 1565 443 1632 Disciplinae
453 1565 479 1614 in
493 1565 632 1616 memoriam
645 1580 693 1617 non
706 1563 890 1616 introducuntur
899 1583 942 1638 per

294 1662 393 1706 sensus,
406 1645 492 1696 sodex
507 1648 558 1712 ejus
575 1645 693 1696 abditiore
708 1646 764 1694 sinu
781 1657 906 1708 eruuntur.
962 1651 1008 1697 291

258 1731 303 1776 XI.
318 1725 385 1788 Quid
399 1725 430 1775 sit
442 1726 543 1776 discere.
961 1733 1012 1794 292

258 1811 316 1856 xn.
328 1811 420 1858 Rerum
431 1807 659 1858 Mathematiearum
670 1808 795 1860 memoria.
960 1814 1013 1860 293

259 1892 331 1937 xm.
346 1889 465 1939 Memoria
477 1887 670 1946 meminissemus
681 1888 842 1938 meminimus.
961 1893 1012 1954 294

258 1971 329 2018 xlv.
341 1970 468 2032 Quomodo
485 1969 600 2019 memoria
616 1968 724 2020 continet
739 1969 839 2019 affectus
853 1968 935 2019 animi.

294 2053 360 2099 Laeta
376 2066 426 2098 non
441 2049 488 2099 taeti
500 2050 621 2115 quomodo
636 2050 801 2100 recordamur.
962 2055 1011 2100 295

259 2133 316 2178 XV.
329 2130 408 2180 Etiam
421 2147 475 2196 quae
487 2129 576 2180 absunt
586 2130 748 2181 meminimus.
962 2134 1012 2180 297

259 2215 329 2260 xvt.
341 2215 371 2261 Et
390 2210 519 2261 oblivionis
534 2211 652 2261 memoria
668 2220 713 2261 est.
963 2214 1013 2260 293

260 2296 344 2342 xvn.
359 2296 449 2358 Magna
461 2292 583 2342 memoriae
598 2291 650 2352 sis,
664 2291 706 2341 sed
716 2291 779 2340 ultra
788 2290 943 2357 progredien-

295 2370 353 2419 dum
365 2382 392 2421 ut
404 2372 534 2436 attingatur
552 2377 627 2422 Deus.
965 2376 1016 2422 300

260 2454 354 2500 xvnt.
367 2454 423 2501 Non
440 2449 590 2501 inveniretur
607 2468 635 2503 ea
650 2468 689 2502 res
706 2468 758 2517 qun
778 2452 881 2513 excidit,
898 2452 944 2502 nisi

296 2532 412 2596 memoria
432 2541 563 2582 teneretur.
678 2533 680 2537 ’
964 2538 1012 2584 301

262 2617 335 2667 XIX.
346 2613 412 2677 Quid
419 2616 450 2664 sit
460 2613 591 2664 reminisci.
965 2619 1016 2664 302

262 2697 321 2744 XX.
330 2698 365 2744 Ut
372 2694 548 2760 beatitudinem
558 2711 640 2744 omnes
651 2703 776 2762 appetant,
786 2704 881 2762 oportet
891 2711 943 2746 eam

298 2775 419 2826 noverint.
965 2781 1017 2826 303

262 2859 334 2922 XXI.
350 2856 477 2920 Quomodo
485 2857 600 2908 memmio
608 2857 782 2908 bsatamsitam
794 2856 909 2907 continet.
964 2861 1015 2906 305

261 2939 347 2984 xxfl.
359 2940 432 2986 Beata
449 2937 497 2986 vita
507 2953 576 3003 qun,
588 2945 612 2986 et
622 2937 672 2987 ubi.
966 2943 1015 2988 307

263 3021 361 3068 xxm.
370 3024 431 3068 item
438 3018 593 3086 prosequitur
604 3035 657 3090 qun
664 3018 695 3068 sit
703 3018 774 3076 beata¹
782 3019 846 3079 vita,
858 3028 883 3068 et
892 3019 943 3068 ubi.
965 3023 1016 3068 309

264 3103 359 3151 XXIV.
373 3102 514 3151 Gratulatus
526 3100 591 3165 quod
604 3116 647 3150 sus
661 3099 688 3149 in
705 3100 819 3150 memoria
833 3104 899 3149 Deus
911 3101 945 3148 lo·

293 3195 355 3232 ‚oum
371 3180 468 3232 babeat.
966 3185 1019 3230 310
