2352 4094
277 367 330 415 360
461 367 486 414 S.
505 363 688 414 AUGUSTINI
704 365 849 416 ltatscotu

218 525 226 538 ,
277 482 308 528 et
323 469 453 528 futurum
473 467 605 526 nondum
618 479 671 526 est.
687 470 754 524 Non
773 467 873 546 itaque
888 469 1044 544 dicamus,

276 565 409 640 Longum
429 572 485 630 est;
500 558 552 618 sed
567 558 699 618 dicamus
721 558 758 620 de
776 561 942 638 praeterito,
956 567 1043 621 Lon·-

276 671 346 730 gum
367 650 437 724 fuit,
456 663 486 708 et
501 650 538 709 de
553 638 814 728 futuro,1nnpurn
832 654 895 712 erit.
911 655 1042 714 Domine

276 762 371 815 meus,
384 742 436 800 lux
449 761 641 813 mea,·n0nne
659 753 688 799 et
706 741 756 799 hic
769 742 875 810 veritas
892 756 943 802 tua
961 743 1043 802 deri-

276 832 358 891 debit
373 832 539 891 hominem?
553 830 640 906 Quod
652 831 731 889 enim
744 832 865 910 longum
885 833 940 891 suit
958 853 1041 910 prae-

276 925 395 983 teritum
407 937 530 1002 tempus,
540 943 609 982 cum
619 921 681 1000 jam
695 934 770 980 esset
783 924 965 1000 praeteritum
974 925 1039 983 lon-

241 1041 246 1052 ·
276 1037 345 1095 gum
364 1016 434 1088 suit,
451 1035 489 1073 an
503 1035 570 1073 cum
587 1013 684 1075 adhuc
701 1033 829 1092 praesens
846 1017 937 1074 esset?
954 1021 1039 1075 Tunc

276 1106 353 1166 enim
376 1117 568 1185 poteratesse
589 1105 722 1182 longum,
743 1103 862 1181 quando
880 1117 942 1164 erat
955 1108 1038 1184 quod

276 1211 351 1258 esset
367 1200 486 1276 longum
504 1197 706 1274 :preteritum
725 1215 794 1254 vero
804 1196 866 1275 jam
882 1218 942 1256 non
959 1212 1036 1272 erat;

275 1289 354 1349 unde
373 1309 427 1346 nec
448 1289 567 1366 longum
587 1307 649 1346 esse
670 1299 800 1366 poterat,
816 1288 899 1368 quod
916 1291 1036 1350 omnino

275 1401 333 1440 non
344 1392 416 1438 erat
430 1383 496 1438 Non
509 1398 580 1456 ergo
592 1377 739 1452 dicamus,
752 1383 884 1457 Longum
896 1381 951 1439 fuit
962 1402 1037 1459 prae-

275 1473 394 1531 teritum
410 1484 539 1550 tempus;
559 1472 747 1550 nequeenim
767 1471 947 1531 inveniemus
963 1471 1035 1551 quid

275 1565 366 1624 fuerit
377 1566 512 1642 longum,
525 1563 644 1642 quando
658 1584 694 1621 ex
708 1583 769 1641 quo
780 1563 961 1642 preteritum
976 1579 1032 1638 est,

274 1676 333 1714 non
351 1669 395 1715 est
410 1678 418 1713 t
433 1655 485 1714 sed
502 1654 646 1727 dinanuo,
658 1658 791 1734 Longum
807 1655 863 1713 fuit
873 1655 947 1714 illud
959 1675 1036 1734 prae-

274 1765 339 1805 sens
360 1759 487 1825 tempus3
500 1747 570 1822 quia
591 1765 658 1803 num
674 1763 801 1824 praesens
813 1759 900 1818 esset,
914 1747 1034 1824 longum

217 1823 226 1840 ζ
275 1849 346 1895 erat.
367 1837 504 1895 Nondum
519 1836 597 1894 enim
614 1835 797 1913 praeterierat
814 1849 848 1894 ut
867 1857 927 1894 non
943 1852 1034 1911 esset,

275 1941 304 1986 et
326 1927 394 1986 ideo
415 1939 477 1986 erat
497 1925 577 2003 quod
598 1926 717 2002 longum
742 1945 804 1984 esse
822 1939 930 2004 posset.
950 1932 1035 1986 Post-

275 2039 309 2078 ea
329 2039 400 2077 vero
416 2037 504 2096 quam
518 2017 671 2094 piaeteriit,
686 2017 772 2075 simul
787 2029 816 2074 et
831 2019 950 2095 longum
972 2037 1034 2078 esse

275 2110 397 2180 destitit,
412 2108 493 2186 quod
507 2127 569 2165 esse
583 2106 701 2165 destitit.

317 2200 360 2257 19.
377 2199 534 2258 Videamus
549 2217 631 2274 ergo,
642 2219 661 2256 o
671 2199 767 2258 anima
779 2199 919 2272 humana,
933 2212 1033 2258 utrum

171 2320 174 2328 ·
274 2309 400 2369 praesens
423 2301 538 2365 tempus
561 2289 653 2366 possit
680 2309 743 2348 esse
769 2291 909 2368 longum
932 2289 1032 2350 datram

274 2383 349 2442 enim
369 2378 423 2437 tibi
432 2460 434 2465 J
443 2392 487 2438 est
501 2381 608 2438 sentire
623 2401 719 2441 moras
733 2395 822 2461 atque
836 2383 941 2442 metiri.
955 2384 1033 2458 Quid

274 2469 464 2549 respondebis
482 2471 572 2530 mihi?
586 2476 632 2530 An
653 2487 769 2533 eentum
789 2475 856 2534 anni
876 2487 1033 2554 praesentes

273 2565 392 2642 longum
406 2573 520 2642 tempus
541 2555 604 2623 est?
620 2565 694 2624 Vide
710 2567 792 2643 prius
807 2579 907 2624 utrum
921 2566 1033 2645 possint

273 2667 427 2735 praesentes
451 2675 513 2714 esse
535 2670 652 2716 eentum
676 2659 752 2716 anni.
774 2659 802 2720 Si
819 2658 896 2716 enim
918 2657 1032 2735 primus

273 2765 374 2806 eorum
398 2765 489 2805 atinus
507 2747 620 2826 agitur,
633 2749 696 2825 ipse
714 2767 840 2825 praesens
856 2761 916 2820 est3
935 2767 1030 2806 nona-

272 2837 351 2915 ginta
366 2853 438 2894 vero
459 2849 488 2896 et
504 2857 611 2896 novem
626 2838 717 2896 futuri
732 2850 816 2910 sunt,
831 2851 861 2896 et
875 2836 943 2897 ideo
959 2858 1033 2898 non-

274 2929 343 2990 dum
362 2942 429 2989 sunt
450 2951 457 2986 ε
477 2930 501 2988 si
519 2942 617 2988 autem
639 2928 784 2988 secundus
805 2949 898 2988 annus
919 2929 1032 3008 agitnr;

269 3018 330 3097 jam
348 3041 424 3080 unus
438 3032 481 3080 est
496 3020 679 3100 praeteritus,
692 3021 764 3083 alter
778 3032 918 3099 praesens,
934 3022 1030 3080 caeteri

273 3111 372 3172 futuri.
392 3117 487 3190 Atque
502 3112 543 3171 ita
556 3112 580 3172 si
598 3111 762 3192 mediorum
781 3111 942 3191 quemlibet
956 3129 1029 3178 cen-
