2352 4094
258 485 309 531 tit
444 483 474 530 Se
490 481 672 532 Aneusmtt
689 481 832 533 nrtscom

254 596 409 660 utramque
423 581 637 646 inchoatamet
652 583 750 643 adhuc
766 583 923 643 informem
939 583 1027 642 velie

254 673 385 752 intelligi.
399 671 491 733 Video
505 675 616 752 qnippe
628 695 697 734 vere
709 675 838 753 potuisse
853 673 921 747 di'ci,
932 675 1025 754 quid-

254 765 327 844 quid
341 766 447 824 hornm
468 766 630 840 diceretur3
649 768 700 826 sed
715 768 787 846 qnid
799 767 906 826 horum
924 767 956 824 in
971 767 1024 826 his

255 855 354 915 verbis
371 855 421 914 ille
438 857 623 936 cogitaverit,
635 878 695 915 non
708 857 749 916 ita
762 857 869 926 video:
884 856 1025 935 quemvis

246 946 317 1006 'sive
331 946 440 1024 aliquid
460 946 581 1022 horum,
598 948 659 1008 sive
677 948 790 1026 aliquid
803 946 884 1006 aliud
901 945 983 1025 quod
1003 965 1025 1005 a

255 1058 302 1098 me
324 1051 585 1098 commemoratum
613 1059 673 1098 non
698 1050 755 1111 est,
779 1034 875 1097 tantus
896 1038 942 1096 vir
967 1037 1024 1096 ille

254 1141 351 1189 mente
370 1129 573 1208 conspexerit,
589 1131 735 1194 oumhaeo
746 1128 839 1196 verba
852 1141 1024 1208 promeret,

253 1240 357 1279 verum
373 1241 442 1280 eum
455 1221 562 1282 vidisse
581 1234 708 1300 apteque
721 1220 753 1281 id
770 1220 935 1280 enuntiasse
957 1238 1022 1276 non

255 1310 398 1370 dubitem.
903 1313 910 1328 ¹

295 1515 298 1520 ,
366 1416 370 1430 ’
410 1431 441 1520 ᾗ
505 1442 793 1520 οΑΡυΤΧΧνμ

291 1617 415 1672 Adversus
433 1635 474 1670 eos
490 1619 533 1685 qui
549 1618 653 1670 eliorum
668 1615 844 1690 interpretandi
864 1617 983 1669 rationem

524 1709 615 1751 temere
630 1699 753 1768 rejiciunt.

296 1856 343 1917 34.
371 1865 463 1920 Nemo
490 1860 562 1920 mihi
585 1859 647 1940 jem
670 1855 869 1918 molestussit
892 1858 1021 1918 dicendo

255 1948 329 2007 mihi
346 1970 353 2005 ι
370 1953 435 2008 Non
456 1949 519 2006 hoe·
531 1951 620 2007 sensit
639 1954 754 2025 Moyses
779 1947 860 2025 quod
879 1961 911 2004 tn
929 1947 1019 2020 dicis3

256 2037 307 2095 sed
320 2037 376 2096 hoo
387 2028 476 2097 sensit
488 2037 570 2116 qnod
583 2057 637 2116 ego
649 2037 724 2096 dico.
740 2037 769 2096 Si
787 2035 865 2094 enim
880 2036 954 2094 mihi
968 2037 1020 2096 di-

256 2139 336 2186 ceret
351 2149 358 2185 r
373 2129 459 2188 Unde
473 2129 529 2187 sois
544 2129 600 2186 hoc
614 2128 735 2188 sensisse
747 2131 869 2205 Moysen
886 2126 966 2204 qnod
980 2127 1020 2186 de

255 2216 302 2274 his
320 2216 419 2276 verbis
440 2217 503 2295 ejus
523 2219 694 2296 eloqueris?
715 2237 799 2296 aeqno
819 2217 916 2276 animo
941 2216 1021 2276 ferre

256 2307 395 2367 deberem
409 2306 439 2366 e't
450 2310 659 2387 responderem
671 2311 794 2368 fortasse
807 2329 873 2389 qnae
883 2310 1020 2388 superins

257 2397 409 2475 respondi,
418 2400 466 2458 vei
476 2400 623 2478 aliquanto
634 2399 772 2473 uberius,
784 2401 808 2460 si
820 2413 895 2460 esset
907 2400 1020 2460 durior.

257 2489 331 2547 Cum
347 2506 419 2548 vero
437 2488 509 2548 dicit
529 2511 536 2547 ε
555 2494 621 2549 Non
637 2489 694 2548 hoc
712 2490 762 2548 iile
777 2491 866 2550 sensit
886 2489 1021 2568 quodytn

257 2580 342 2655 dicis,
356 2581 408 2641 sed
424 2581 505 2660 quod
521 2601 574 2662 ego
594 2581 675 2656 dico;
693 2572 789 2662 neque
810 2595 907 2641 tamen
919 2594 1020 2661 negat,

256 2672 337 2750 quod
352 2685 477 2752 uterque
494 2680 625 2732 nostrum
644 2674 730 2747 dicit,
744 2683 902 2752 utrumque
914 2691 1019 2732 rerum

257 2783 320 2822 esse
335 2786 342 2822 :
357 2784 376 2823 o
394 2765 457 2824 vita
477 2755 643 2846 panperum
661 2769 741 2824 Deus
762 2783 860 2837 meus,
882 2764 913 2823 in
934 2762 1019 2841 cujus

256 2853 322 2910 sinn
340 2863 459 2913 nonest
473 2854 679 2926 contradictio,
690 2855 760 2932 plue
774 2852 845 2940 milri
860 2851 1020 2928 mitigatio-

255 2961 308 3000 nes
321 2943 352 3000 in
363 2963 423 3017 eor,
434 2955 468 3003 ut
476 2944 620 3021 patienter
630 2944 702 3002 teies
711 2943 802 3000 feram
813 2941 865 3020 qui
875 2959 935 2999 non
946 2939 1019 2998 mihi

256 3031 315 3091 hoc
340 3032 455 3105 dicunt,
471 3035 541 3111 quia
557 3035 650 3094 divini
666 3043 746 3105 sunt,
761 3043 791 3090 et
810 3032 841 3090 in
861 3026 950 3106 corde
971 3029 1019 3088 fa-

258 3121 329 3180 mnli
350 3121 394 3181 tui
411 3121 551 3183 viderunt
574 3125 655 3202 qnod
679 3123 796 3194 dicunt3
814 3122 866 3180 sed
882 3121 1019 3199 quiasu-

215 3216 216 3224 ’
260 3211 346 3291 perhi
368 3225 436 3272 sunt
457 3233 541 3277 :neo
561 3225 707 3274 noverunt
723 3213 818 3290 Moysi
839 3209 1022 3284 sententiam,
