2354 4034
295 419 547 472 CONFESSIONUM
564 420 659 470 tisun
677 415 748 468 xm.
853 417 901 472 477

142 521 212 602 quia
230 519 523 598 ejusinsormitatem
544 520 607 579 sine
624 520 682 578 ulla
699 519 839 598 temporis
857 520 905 578 in·
930 583 932 590 ‚

143 613 332 692 terpositione
349 610 489 671 formasti.
505 617 578 670 Nam
598 631 664 670 oum
682 611 762 670 aliud
781 611 818 669 sit
837 612 909 670 coeli.

143 718 172 764 et
186 717 271 764 terrae
288 703 438 776 materies,
456 701 536 762 aliud
551 703 616 760 coeli
634 714 664 760 et
677 715 762 763 tetrae
776 702 903 781 species3

143 796 294 856 materiem
306 795 426 873 quidem
439 795 476 854 de
487 794 607 854 omnino
619 794 726 868 nihilo,
736 794 839 854 mundi
850 813 905 860 an·
990 860 995 872 ¹

143 872 349 965 temspeciem
366 883 403 942 de
420 883 539 944 informi
556 884 693 957 materia,
709 885 793 944 simul
807 898 904 944 tamen

141 989 301 1052 utrumque
325 973 434 1047 fecisti,
455 987 488 1032 ut
516 973 667 1032 materiam
689 976 800 1047 forma,
825 975 904 1034 nulla

141 1085 231 1126 morae
250 1063 487 1144 intercapedine,
508 1075 689 1142 sequeretur.

370 1201 505 1297 meur
526 1233 676 1298 xxxiv.

214 1381 299 1434 Totius
315 1381 445 1434 creationis
463 1383 549 1434 mundi
565 1383 689 1448 allegorica
708 1384 832 1452 expositio,

146 1559 149 1564 -
185 1524 234 1582 49.¹
257 1525 441 1602 Inspeximus
466 1522 552 1584 etiam
578 1536 700 1601 propter
720 1541 847 1602 quornm
871 1529 906 1586 fi-

144 1613 327 1693 gurationem
346 1613 402 1672 ista
424 1615 470 1672 vel
496 1613 547 1671 tali
570 1613 672 1672 ordine
691 1613 770 1687 lieri,
789 1616 837 1674 vel
858 1617 907 1680 tali

145 1703 249 1764 ordine
275 1703 365 1762 scribi
387 1701 518 1775 voluisti,
541 1715 571 1762 et
591 1702 717 1766 vidimus
730 1706 810 1782 'quia
829 1705 908 1765 bonu

144 1806 213 1854 sunt
225 1793 358 1873 singula,
376 1805 406 1853 et
427 1793 524 1856 omnia
541 1794 621 1853 bona
641 1795 741 1869 valde,
760 1797 791 1854 in
809 1796 907 1859 Verbo

145 1898 214 1960 tuo„
229 1885 261 1944 in
281 1884 377 1944 Unico
403 1896 471 1957 tuo;
492 1885 598 1943 coelum
621 1898 651 1945 et
666 1898 801 1965 terram,
819 1902 908 1968 caput

144 1990 175 2037 et
200 1996 308 2056 corpus
330 1975 483 2048 Ecclesiae,
506 1977 537 2034 in
562 1976 816 2056 praedestinatione
840 1995 906 2040 ante

146 2067 243 2128 omnia
267 2079 417 2146 tempora,
441 2065 503 2149 sine
528 2086 611 2125 mane
637 2081 666 2126 et
693 2089 823 2148 vespera.
846 2071 907 2130 Ubi

145 2171 242 2228 autem
267 2158 379 2236 coepisti
403 2157 608 2236 praedestinata
630 2162 830 2238 temporaliter
852 2183 905 2222 ex-

144 2249 240 2328 sequi,
263 2261 297 2309 ut
321 2250 437 2310 occulta
460 2249 675 2337 manifestares,
700 2263 729 2310 et
752 2251 907 2333 incompo-

144 2341 198 2400 sita
223 2353 323 2400 nostra
350 2360 558 2420 componeres;
580 2342 720 2418 quoniam
742 2363 831 2424 super
853 2367 905 2407 nos

144 2446 228 2493 erant
249 2447 369 2514 peccata
387 2445 502 2507 nostra,
524 2434 604 2493 etin
624 2435 806 2512 profundum
825 2450 920 2524 tene-0

142 2522 264 2583 brosnm
282 2517 448 2585 abieramus
463 2524 516 2583 abs
531 2538 575 2596 te,
589 2536 619 2582 et
633 2525 757 2603 Spiritus
773 2539 842 2586 tuus
854 2528 907 2589 bo»

144 2634 199 2673 nus
216 2615 456 2694 superferebatur
473 2614 510 2672 ad
528 2612 761 2674 subveniendum
777 2616 862 2676 nobis
878 2620 909 2676 in

145 2716 277 2782 tempore
298 2718 491 2784 opportuno:
509 2716 539 2762 et
553 2703 717 2781 justificasti
735 2705 859 2784 impios,
877 2721 907 2766 et

78 2791 82 2802 ”
145 2793 302 2854 distinxisti
318 2815 368 2854 cos
385 2795 422 2854 ab
439 2793 562 2870 iniquis;
580 2806 610 2852 et
628 2793 758 2854 solidasti
776 2797 906 2858 auctori-

145 2896 235 2944 tatem
250 2884 334 2945 Libri
352 2887 396 2945 tui
414 2885 491 2964 inter
506 2885 672 2964 superiores
688 2886 739 2963 qui
754 2885 809 2946 tibi
824 2887 905 2948 doci-

144 2973 220 3047 biles
234 2988 343 3049 esscnt,
360 2989 391 3035 et
404 2975 556 3035 inferiores
573 2976 625 3053 qui
641 2975 682 3035 eis
695 2972 906 3051 subderentur3

145 3081 175 3126 et
195 3067 376 3147 congregasti
396 3066 565 3126 societatem
585 3065 746 3126 infidelium
765 3065 796 3126 in
816 3088 906 3127 unam

146 3156 404 3237 conspirationem,
418 3169 452 3218 ut
465 3166 641 3237 apparerent
652 3156 749 3218 studia
761 3157 889 3218 fidelium
896 3202 904 3234 ,
