2316 4020
306 501 558 553 covrssstottttm
574 503 669 555 LIBER
686 509 718 554 V.
842 513 888 557 1³5

390 663 522 728 CAPUT
543 664 634 726 XIII.

183 835 307 884 Bocturus
321 831 467 882 rhetoricam
486 831 591 882 mittitur
611 832 790 894 Mediolanum
805 836 836 886 ab

369 911 497 962 Ambrosio
515 911 652 979 stucipitur.

169 1068 216 1125 23.
234 1073 338 1142 ltaque
352 1077 542 1142 posteaquam
555 1067 672 1124 missum
689 1080 732 1126 est
748 1088 764 1125 a
780 1070 889 1128 Medio

126 1160 195 1216 lano
206 1162 331 1216 Romam
346 1155 383 1212 ad
401 1155 570 1232 prefectum
588 1155 684 1228 urbis,
706 1169 738 1215 ut
755 1159 797 1217 illi
815 1160 889 1217 clvi—

127 1249 180 1306 tati
202 1246 358 1305 rhetoricae
378 1244 514 1322 magister
534 1233 753 1322 provideretur,
778 1249 888 1326 imper-

127 1340 181 1398 tita
196 1340 286 1397 etiam
301 1337 451 1396 evectione
466 1334 585 1413 publica
595 1346 622 1407 ²3
638 1355 691 1413 ego
703 1339 766 1414 ipse
778 1339 887 1396 ambivi

125 1447 182 1505 per
189 1427 310 1485 eosdem
326 1426 404 1504 ipsos
417 1425 582 1484 manichaeis
590 1424 766 1484 vanitatibus
782 1427 888 1499 ebrios,

126 1517 238 1594 quibus
254 1527 288 1573 ut
302 1535 446 1586 carerem,
464 1514 556 1586 ibam,
578 1515 628 1574 sed
644 1515 760 1592 utrique
776 1517 887 1575 nescie-

126 1606 251 1677 bamus,
278 1618 312 1662 ut
333 1605 459 1677 dictiorm
484 1605 636 1683 proposita
659 1617 705 1662 tue
730 1605 885 1682 probatum

125 1697 287 1773 praefectus
309 1707 377 1752 tunc
395 1695 584 1772 Symmachus
604 1697 739 1752 mitteret.
764 1700 800 1752 Et
820 1699 887 1754 veni

124 1787 325 1844 Mediolanum
358 1785 396 1842 ad
418 1783 604 1842 Ambrosium
634 1783 824 1861 episcopum,
858 1785 888 1840 iu

124 1874 246 1952 optimis
274 1885 379 1930 notum,
407 1873 472 1931 orbi
502 1885 605 1943 terrae,
638 1873 719 1950 pium
745 1873 886 1940 cultorem

125 1978 229 2035 ttrum3
263 1963 346 2040 cujus
369 1977 438 2020 nme
460 1964 578 2040 eloquia
600 1975 717 2020 strenue
741 1963 888 2020 ministra-

19 2043 21 2052 ’
123 2054 197 2112 bant
212 2053 330 2130 adipem
346 2051 484 2110 sarmenti
498 2052 556 2120 tui,
577 2064 610 2109 et·
622 2051 750 2108 laetitiam
765 2051 839 2124 olei,
858 2067 887 2110 et

123 2143 256 2201 sobriam
276 2142 340 2224 vini¹
355 2140 524 2200 ebrietatem
542 2142 653 2219 populo
671 2153 731 2199 tuo.
756 2142 802 2200 Ad
818 2161 885 2202 curn

125 2245 226 2290 autern
241 2229 373 2289 ducebar
387 2229 438 2288 abs
452 2244 481 2288 te
495 2231 637 2304 nesciens,
655 2243 688 2288 ut
701 2251 755 2310 per
766 2251 833 2292 eum
848 2233 885 2292 ad

160 2430 173 2454 ²
183 2419 293 2478 Erectio,
306 2417 437 2484 qnod-atits
449 2419 561 2485 dptonu
573 2419 675 2470 facultas
686 2429 739 2470 erat
751 2423 884 2488 usurpandi

124 2517 212 2550 cursus
225 2499 330 2566 publici,
346 2514 418 2564 quem
430 2499 524 2565 privato
537 2499 635 2548 cuilibet
648 2515 763 2566 usurpare
776 2500 841 2554 haud
856 2501 884 2549 li-

125 2580 225 2629 cuissct.
242 2577 314 2628 Unde
332 2577 371 2626 lex
387 2577 418 2627 ab
436 2577 546 2628 Honorio
562 2579 619 2628 data
629 2577 739 2628 leuabat:
754 2601 767 2620 α
779 2582 817 2629 Ne
830 2579 883 2643 quis

124 2681 138 2699 a
150 2657 198 2707 sibi
209 2657 325 2724 deinceps
340 2672 436 2706 cursum
449 2657 574 2723 publicum
587 2657 693 2724 privatus
711 2664 823 2722 usurpet,
837 2657 884 2704 nisi

126 2753 205 2786 »cum
225 2743 268 2786 aut
283 2752 298 2786 a
314 2735 383 2786 uobis
399 2743 526 2796 crocatur,
545 2745 588 2785 aut
610 2752 623 2784 a
644 2733 777 2784 clementie
797 2743 884 2784 nostra

126 2839 138 2856 n
148 2815 307 2864 veneratione
319 2815 428 2866 discedit.
443 2839 456 2858 n
473 2820 563 2867 Narrat
580 2814 658 2865 Julius
679 2812 838 2880 Capitolinus,
857 2816 883 2866 in

125 2895 262 2953 Pertinace,
273 2895 337 2960 quod
350 2893 370 2944 is
380 2918 393 2937 α
405 2903 463 2944 tunc
479 2891 603 2962 prefectus
613 2891 730 2952 cohortis,
747 2891 773 2942 in
790 2889 883 2962 Syriam

125 2995 138 3014 n
153 2973 288 3038 proiectus,
303 2976 332 3022 T.
351 2972 624 3038 Aurelioimperatore,
643 2987 658 3022 a
675 2967 775 3039 praeside
794 2974 882 3040 Syriae,

126 3073 139 3091 n
152 3053 212 3117 quia
227 3053 280 3101 sinc
298 3049 468 3118 diplomatibus
486 3067 583 3101 cursum
599 3059 765 3120 usurpaverat,
779 3049 882 3118 pedihus

125 3151 138 3172 ι
150 3131 182 3180 ab
193 3131 326 3182 Autiodria
339 3131 370 3182 ad
385 3131 530 3196 legationem
545 3133 613 3182 suam
627 3133 674 3181 iter
689 3131 768 3182 lacere
784 3137 882 3180 cosmus

123 3233 138 3255 ι
148 3219 194 3261 m.
214 3233 227 3254 rs
