2356 4018
245 487 297 534 aar
433 457 821 558 s.ruousrm1ur1scor1

245 604 334 664 quam
351 600 504 644 servorum
525 592 642 640 tuorum
664 580 787 640 fratrum
802 598 935 649 meorum
954 584 1004 644 di·

244 675 334 746 xerit,
349 671 428 752 quod
445 669 507 749 jam
521 671 608 749 pleno
623 670 712 730 corde
731 670 839 764 militia
855 683 919 745 tua,
938 695 1006 754 pas.

245 785 294 829 sus
309 783 356 825 me
370 761 477 822 fuerim
493 759 541 818 vel
556 779 614 818 una
628 758 701 820 hora
710 758 811 822 sedere
823 760 854 818 in
865 763 1014 826 cathedra

244 852 399 924 mendacii.
419 856 458 914 At
476 869 530 928 ego
544 869 604 911 non
622 847 775 910 contendo.
794 850 850 911 Sed
872 864 919 925 tu,
940 858 1004 914 Do.

243 947 323 1009 mine
346 941 630 1012 misericordissime,
651 960 745 1001 nonne
773 953 802 999 et
819 942 876 1002 hoc
900 965 1006 1024 pecca-

245 1050 307 1098 tum
322 1055 389 1098 curn
403 1031 514 1095 cacteris
527 1030 682 1102 horrendis
694 1042 723 1088 et
735 1029 874 1104 funereis,
885 1033 915 1091 in
929 1054 1005 1112 aqua

247 1137 344 1192 sancta
362 1119 500 1200 ignovisti
519 1133 548 1180 et
562 1119 701 1180 remisisti
717 1117 807 1180 mihi?

514 1273 648 1338 orror
668 1275 728 1340 111.
789 1225 791 1234 X

374 1398 535 1490 verecundus
550 1399 664 1486 macedit
678 1433 716 1484 itti
730 1449 771 1484 rus
784 1450 861 1485 suum.

286 1583 315 1639 5.
338 1577 542 1642 Macerabatur
562 1575 752 1639 anxietudine
764 1576 950 1662 verecundus
967 1579 1005 1638 de

246 1673 309 1732 isto'
326 1680 424 1729 nostro
450 1666 545 1741 bono,
559 1664 641 1744 quod
663 1676 785 1744 propter
804 1665 921 1726 vincula
939 1685 1006 1740 sua,

247 1761 356 1840 quibus
370 1758 552 1822 tenacissime
565 1755 732 1828 tenebatur,
745 1755 839 1816 deseri
859 1775 889 1818 se
908 1769 1006 1816 nostro

248 1850 393 1914 consortio
412 1848 542 1910 videbat.
562 1845 699 1910 Nondum
725 1838 915 1921 christianus,
933 1870 1006 1930 con-

242 1940 315 2018 juge
333 1937 426 2010 fideii3
443 1959 477 1998 ea
494 1939 558 2016 ipsa
571 1949 668 2000 tamen
680 1935 805 1998 arctiore
818 1945 880 2015 prae
896 1940 1007 2001 caeteris

239 2023 404 2108 compede,
425 2027 464 2094 ab
487 2027 592 2086 itinere
616 2025 696 2106 quod
722 2027 849 2102 aggressi
874 2049 1006 2100 eramuS,

248 2118 471 2182 retardabatur:
490 2137 545 2179 nec
557 2115 749 2184 christianum
767 2136 829 2180 esse
846 2119 903 2176 alio
918 2119 1007 2178 modo

249 2229 280 2270 se
301 2208 376 2266 velle
393 2205 525 2278 dicebat,
542 2205 702 2282 quam'iilo
721 2225 781 2283 quo
805 2227 863 2265 nou
881 2220 1005 2284 poterat.

248 2297 376 2374 Renigm
391 2314 459 2356 sane
476 2294 599 2366 obtulit,
612 2307 645 2352 ut
656 2293 796 2372 quamdiu
809 2295 851 2357 ibi
865 2316 991 2359 essemus
996 2315 1013 2368 ,s

248 2391 280 2447 in
302 2406 371 2448 rure
392 2383 454 2462 ejus
477 2403 604 2446 essemus
618 2384 641 2444 *.
663 2385 819 2448 Retribues
841 2387 884 2446 ilii
897 2387 924 2460 *‚
946 2392 1007 2456 Dc,

250 2477 348 2548 mine„
366 2475 397 2534 in
422 2473 634 2542 resurrectione
661 2474 822 2554 justorum,
853 2478 923 2556 quia
945 2477 1006 2556 jana

249 2569 343 2650 ipsam
357 2579 464 2628 sortem
478 2564 640 2628 retribuisti
652 2567 689 2626 ei.
709 2569 849 2643 Quamvis
865 2570 942 2628 enim
954 2569 1007 2636 ab·

246 2657 380 2720 sentibus
399 2656 501 2730 nobis,
513 2675 580 2719 cum
598 2661 697 2718 Romae
706 2657 768 2736 jam
781 2677 921 2730 essemus,
937 2679 1005 2726 cor-¹

250 2749 344 2826 porali
363 2749 533 2828 aegritudine
551 2761 719 2828 correptus,
732 2761 760 2808 et
772 2749 803 2807 iu
822 2769 857 2808 ea
873 2750 1007 2812 christia-

250 2858 304 2898 nus
317 2851 345 2900 et
358 2840 451 2902 fidelis
467 2840 574 2912 factus,
586 2859 623 2898 ex
636 2839 692 2901 hac
705 2841 767 2900 vita
779 2839 934 2916 emigravit
947 2841 1008 2900 :ita

251 2929 384 2989 misertus
403 2949 433 2988 es
447 2949 505 2988 non
522 2930 617 2990 solum
628 2928 707 3007 ejus,
721 2929 772 2990 sed
792 2930 881 2989 etiam
898 2931 1008 3003 nostri,

250 3037 288 3078 ne
309 3018 466 3096 cogitantes
486 3021 631 3098 egregiam
652 3040 721 3100 erga
740 3041 793 3080 nos
805 3022 892 3082 amici
904 3023 1009 3082 huma·

250 3099 387 3180 nitatem,
408 3129 462 3168 nec
482 3130 549 3170 eum
573 3111 605 3169 in
623 3131 710 3190 grege
733 3125 785 3174 tuo
805 3125 1007 3185 numerantes,

251 3200 353 3259 dolore
373 3199 550 3260 intolerabili
564 3202 771 3264 cruciaremur.
797 3205 912 3266 Gratias
934 3203 1005 3276 tibi„
