2356 4018
258 447 306 494 188
441 447 465 490 S.
484 443 664 491 suoustmr
682 442 824 491 Ertscorl

253 561 338 600 esses.
372 545 407 598 Et
432 538 590 601 residebat,
603 552 700 599 tumor
724 559 806 598 meus
832 560 868 598 ex
896 543 1011 601 occulta

254 654 342 692 manu
363 632 513 691 medicinae
535 644 609 702 tuae,
633 631 768 708 aciesque
786 631 958 692 conturbata
980 647 1011 692 et

254 720 460 782 contenebrata
478 722 583 780 mentis
599 740 686 791 meac,
707 721 769 778 acri
786 721 908 798 collyrio
929 724 1009 782 salu-

240 811 352 872 'hrium
367 812 502 890 dolorum
515 812 552 868 de
566 809 612 868 die
626 811 657 868 iu
670 811 746 869 diem
760 810 923 871 sanabatur.

472 1047 493 1054 ,,
520 983 657 1054 ,CAPUT
679 983 735 1043 IX.

256 1150 282 1192 Iu
300 1144 479 1197 Platonicorum
495 1141 561 1190 libris
580 1139 657 1189 Verbi
677 1139 760 1188 aeterni
782 1139 946 1200 divinitatem,
961 1159 1010 1192 nou

434 1221 551 1272 incarnati
568 1219 727 1271 humilitatem
744 1219 844 1272 intonit.

302 1379 345 1434 13.
367 1383 402 1434 Et
423 1378 638 1455 primovolcns
660 1375 812 1435 ostendere
834 1377 1010 1454 mihiquem

258 1471 372 1526 resistas
394 1468 545 1547 superbis,
571 1467 730 1526 humilibus
752 1479 848 1526 autem
870 1467 921 1526 des
942 1482 1021 1544 gra·

258 1560 327 1615 tiam
338 1568 358 1629 ¹,
378 1571 407 1616 ct
418 1571 526 1636 quanta
539 1557 738 1616 misericordia
754 1570 803 1614 tua
817 1556 1012 1615 demonstrata

259 1652 295 1708 sit
317 1650 485 1709 hominihus
506 1652 554 1708 via
576 1649 764 1718 humilitatis,
791 1647 870 1725 quod
883 1647 1011 1706 Verbum

259 1755 340 1799 tuum
356 1762 424 1800 caro
437 1742 547 1800 factum
562 1754 617 1814 est,
633 1752 662 1797 et
676 1738 817 1798 habitavit
828 1739 904 1797 inter
917 1738 1013 1797 horni-

258 1853 327 1903 nes3
348 1832 511 1909 procurasti
529 1832 599 1889 mihi
619 1850 672 1908 per
691 1829 846 1907 quemdam
867 1830 1012 1887 hominem

258 1923 464 1980 immanissimo
480 1921 571 1998 typho
586 1920 748 1998 turgidum,
768 1919 908 1996 quosdam
921 1920 1014 1976 Plato·

260 2015 392 2071 uicorum
416 2011 506 2069 libros
532 2031 568 2068 ex
598 2030 690 2087 graeca
714 2010 812 2086 lingua
836 2009 865 2065 in
894 2009 1012 2066 latinam

260 2125 358 2163 versos
370 2125 377 2159 :
389 2116 418 2161 et
431 2101 472 2159 ihi
484 2103 556 2177 legi,
571 2121 630 2170 nou
644 2100 762 2177 quidem
776 2101 821 2158 his
835 2098 945 2170 verbis,
961 2100 1013 2160 sed

260 2195 316 2252 hoc
334 2194 411 2251 idem
426 2185 544 2249 omnino
557 2192 656 2249 'multis
675 2204 704 2247 et
719 2189 928 2268 multiplicibus
946 2207 1014 2249 sua*-

262 2282 325 2341 dcri
343 2281 518 2350 rationibus,
541 2280 620 2356 quod
638 2281 669 2336 in
690 2278 833 2356 principio
858 2290 920 2336 erat
939 2283 1014 2336 Ver-

259 2375 340 2445 bum,
354 2385 383 2430 et
393 2370 520 2431 Verbum
533 2383 596 2429 erat
610 2370 687 2446 apud
701 2375 806 2441 Deum,
817 2383 846 2427 et
859 2375 939 2428 Deus
952 2383 1015 2428 crat

259 2461 389 2522 Verbum
409 2483 416 2517 ε
435 2461 570 2518 hocerat
589 2461 619 2516 in
642 2459 785 2536 principio
806 2459 884 2536 apud
905 2464 1016 2529 Deum3

261 2554 357 2612 omnia
374 2568 427 2630 per
442 2552 539 2628 ipsum
560 2551 636 2607 facta
653 2560 737 2621 sunt,
758 2561 787 2606 et
802 2549 863 2606 sine
880 2548 944 2625 ipso
967 2549 1012 2606 fa-

261 2657 338 2702 ctum
354 2654 397 2700 est
412 2640 484 2698 nihil
498 2661 504 2695 :
518 2638 598 2717 quod
609 2640 718 2696 factum
728 2649 772 2696 est
781 2638 812 2694 in
825 2658 870 2708 eo,
883 2637 943 2695 vita
955 2650 1013 2710 est,

261 2730 359 2792 stulta
372 2746 434 2792 erat
444 2735 496 2790 lox
510 2731 672 2801 hominum,
687 2742 716 2786 et
727 2730 779 2786 lux
788 2727 961 2804 iu‚tenebris
971 2728 1015 2786 lu-

261 2837 319 2894 cet,
338 2835 367 2881 et
378 2822 504 2880 tenebrae
517 2841 581 2879 earn
595 2840 653 2878 non
667 2817 961 2896 comprehenderunt.
980 2821 1015 2875 Et

260 2914 329 2992 quia
344 2913 468 2970 hominis
481 2913 582 2976 anima
590 2911 722 2989 quamvis
740 2909 935 2968 testimonium
951 2928 1015 2986 per-

261 3003 360 3060 hibeat
373 3001 544 3073 delumine,
567 3021 626 3059 non
644 3012 798 3058 esttamen
816 2999 880 3075 ipsa
897 3000 1014 3069 lumen;

247 3163 250 3168 ¹
301 3179 307 3204 ¹
322 3173 333 3219 I
347 3173 410 3219 Petr.
424 3187 446 3230 v,
458 3174 481 3217 5.
