2352 4094
343 383 597 456 conressrou'uu
614 407 709 455 imm
727 407 772 454 xi.
883 413 931 461 ³77

173 507 254 566 iilam
267 504 401 584 duplam,
421 504 452 562 in
466 505 560 581 spatio
575 503 686 563 seilicet
699 485 848 584 temporis.
872 513 932 569 Ne-

173 617 231 675 que
243 598 300 668 hoe
311 616 444 677 possum,
459 596 515 654 nisi
531 589 606 673 quia¹
613 597 816 674 praeterierunt
829 611 859 656 et
871 600 934 659 fini-

172 702 209 748 tae
222 703 296 749 sunt
311 693 378 748 Non
390 705 459 765 ergo
472 688 550 765 ipsas
564 706 629 764 qnae
642 686 704 764 jam
717 708 776 746 non
788 701 870 761 sunt,
881 691 933 750 scd

172 779 283 858 aliquid
300 781 330 838 in
348 776 489 838 memoria
503 797 567 834 mea
586 770 693 836 metict-
711 779 793 855 quod
806 779 931 839 infixum

173 883 280 930 manet.
574 873 577 879 '
691 922 696 930 ,

212 961 260 1020 36.
275 965 359 1033 Inte,
374 959 470 1019 anime
482 978 574 1032 meus,
588 971 720 1038 tempora
733 961 855 1032 mcti0r3
869 963 929 1020 noli

172 1051 244 1112 mihi
261 1047 451 1131 obstrepere:
467 1049 547 1128 quod
567 1063 628 1124 est,
650 1052 716 1111 Noli
739 1050 793 1109 tibi
816 1051 932 1110 obstre-

170 1163 241 1221 pere
256 1141 349 1201 turbis
362 1141 550 1212 affectionum
563 1153 689 1210 tuarum.
704 1146 788 1214 Inte,
802 1142 931 1220 inquam,

172 1247 304 1313 tempora
324 1235 448 1306 metior3
473 1225 657 1294 affectionem
672 1226 765 1314 ¹quam
788 1254 834 1293 res
853 1255 932 1314 prae-
971 1231 973 1236 ’

170 1337 317 1385 tereuntes
331 1326 361 1384 in
373 1339 401 1384 te
413 1325 533 1397 faciunt,
546 1337 575 1384 et
588 1346 655 1386 cum
665 1326 723 1384 iltae
735 1325 931 1402 praeterierint

170 1429 281 1488 manet,
298 1417 391 1495 ipsam
403 1415 509 1473 metior
523 1426 711 1491 praesentem‚
729 1433 788 1472 non
802 1433 850 1473 eas
864 1434 930 1491 quae

169 1507 374 1584 praeterierunt
387 1516 420 1562 ut
432 1504 516 1562 fieret
527 1524 534 1558 z
546 1504 639 1580 ipsam
652 1503 767 1573 metior,
780 1521 847 1560 cum
859 1514 931 1562 tem·

169 1615 244 1673 pora,
257 1594 373 1664 metior.
391 1596 469 1670 Ergo
483 1603 534 1649 aut
553 1591 616 1668 ipsa
631 1603 699 1649 sunt
713 1603 860 1669 tempora,
879 1607 929 1650 aut

169 1706 228 1762 non
241 1687 374 1764 tempora
388 1683 502 1741 metior.
519 1679 597 1756 Quid
612 1701 680 1740 cum
693 1680 830 1740 metimur
844 1678 929 1740 silen-

169 1778 225 1850 tia,
245 1789 274 1835 et
288 1775 412 1834 dicimus
426 1771 500 1833 illud
514 1768 660 1831 silentium
675 1781 787 1829 tantum
801 1772 927 1830 tenuisse

169 1869 325 1945 temporis,
353 1869 496 1942 quantum
522 1862 571 1920 illa
598 1881 655 1921 vox
684 1859 798 1918 tenuit?
825 1865 928 1923 Nonne

169 1957 372 2036 cogitationem
402 1953 548 2016 tendimus
577 1953 614 2011 ad
640 1971 804 2015 mensuram
829 1951 926 2022 vocis,

169 2049 252 2126 quasi
273 2058 406 2118 sonaret,
429 2057 462 2104 ut
480 2042 590 2122 aliquid
609 2042 646 2100 de
663 2042 821 2101 intervallis
839 2042 928 2101 silen-

169 2139 276 2198 tiorum
289 2139 320 2198 in
333 2137 427 2217 spatio
438 2135 576 2214 temporis
589 2133 755 2192 renuntiare
765 2134 927 2212 possimus?

168 2235 241 2290 Nam
262 2241 292 2288 et
314 2249 387 2288 voce
410 2240 498 2307 atque
516 2245 569 2286 ore
589 2237 733 2295 cessante,
760 2224 927 2304 peragimus

168 2319 324 2400 cogitando
340 2320 485 2391 carmina,
504 2329 534 2376 et
548 2336 651 2380 versus
663 2327 693 2375 et
705 2333 851 2394 quemque
865 2332 928 2396 ser-

167 2429 301 2483 monem,
321 2406 753 2486 motionumquedimensiones
769 2403 926 2483 quaslibet,

153 2495 244 2559 'etde
257 2500 359 2577 spatiis
371 2511 548 2576 temporum,
561 2509 703 2574 quantum
716 2494 790 2552 illud
804 2493 841 2552 ad
852 2495 926 2553 illud

167 2590 204 2646 sit
222 2589 440 2658 renuntiamus,
463 2607 523 2644 non
541 2588 625 2650 aliter
646 2582 722 2643 acsi
741 2601 775 2640 ea
795 2581 926 2640 sonando

168 2676 339 2735 diceremus.
356 2675 384 2734 Si
398 2675 525 2732 voluerit
538 2674 643 2749 uliquis
658 2670 745 2729 edere
759 2671 927 2747 longiuscu-

167 2767 224 2826 lam
234 2765 347 2839 vocem,
363 2777 393 2824 et
406 2763 589 2823 constituerit
598 2759 828 2839 praemeditando
838 2779 925 2837 quam

166 2858 253 2938 longa
266 2857 365 2918 futura
377 2855 431 2927 sit;
453 2852 512 2932 egit
527 2853 628 2928 utique
642 2851 696 2909 iste
715 2848 839 2928 spatium
856 2864 926 2910 tem·

167 2948 248 3027 poris
274 2947 306 3006 in
330 2944 462 3017 silentio,
489 2941 694 3019 memoriaque
720 2941 925 3002 commendans

168 3040 257 3117 coepit
269 3038 357 3097 edere
372 3037 451 3096 illam
465 3054 568 3094 vocem
582 3052 648 3112 quae
661 3046 757 3105 sonat,
779 3033 873 3092 donec
887 3033 924 3091 ad

167 3130 351 3211 propositum
380 3127 536 3188 terminum
564 3124 772 3204 perducatur:
796 3126 856 3183 imo
872 3143 924 3192 ,so-

785 3231 817 3278 32
