2384 4052
200 436 208 461 i

328 511 578 574 maressrorton
595 514 690 562 noan
708 516 741 574 x.
862 516 912 569 ³1³

156 613 260 674 flendae
268 632 335 670 cum
344 612 475 672 laetandis
484 599 710 684 moeroribus3et
719 631 755 672 ex
764 631 822 690 qua
831 629 914 691 parte

157 717 213 764 stet
228 705 350 762 victoria
370 703 477 762 nescio.
492 703 547 760 Hei
568 703 654 760 mihi!
668 703 807 774 Domine,
823 705 913 770 mise—

158 817 223 856 rere
243 797 310 854 mei.
334 795 519 854 Contendunt
538 814 675 852 moerores
694 795 751 852 mei
764 795 832 852 mali
848 815 922 853 cum,

158 885 271 964 gaudiis
285 884 386 956 honis,
397 897 430 942 ,et
441 905 477 943 ex
490 904 549 961 qua
562 897 645 962 parte
657 897 712 942 stet
724 885 845 952 victoria
859 905 925 944 ne-.

159 977 229 1036 scio.
253 975 310 1034 Hei
332 974 424 1033 mihi!
445 973 586 1045 Domine,
605 975 742 1033 miserere
769 975 837 1033 mei.¹
859 978 924 1035 Hei·

159 1065 252 1124 mihi!
273 1085 346 1122 ecoe
359 1066 481 1122 vulnera
501 1085 567 1124 mea
584 1084 644 1122 non
663 1064 812 1123 abscondo
827 1087 834 1121 ε
849 1085 925 1124 me»

159 1156 242 1213 dicus
257 1174 301 1225 es,
315 1173 390 1231 aeger
403 1174 485 1226 sum3
501 1155 725 1225 misericoraes,
739 1155 826 1212 miser
839 1169 925 1212 ειιιιι.Ι

159 1241 308 1318 Numquid
328 1262 388 1300 non
402 1242 521 1300 tentatio
541 1254 584 1300 est
604 1242 664 1300 vita
682 1243 808 1303 humana
827 1263 925 1321 superi

160 1343 285 1392 terram¹
296 1334 308 1389 i
319 1333 390 1406 Quis
407 1333 479 1391 velit
502 1333 647 1390 molestias
660 1345 691 1390 et
712 1332 916 1393 difficultates?

159 1423 288 1482 Tolerari
298 1421 386 1500 jabes
403 1424 465 1495 eas,
480 1442 539 1498 non
555 1425 655 1491 amari.
671 1427 763 1494 Nemo
776 1422 858 1501 quod
872 1437 915 1485 to÷

159 1514 233 1572 leret
252 1524 342 1583 amat,
361 1512 412 1570 etsi
435 1511 560 1569 tolerare
579 1523 664 1568 amat.
680 1514 819 1586 Quamvis
837 1515 926 1571 enims

161 1602 285 1679 gaudeat
308 1621 339 1658 se
364 1601 501 1670 tolerare,
523 1601 634 1658 mavult
658 1613 755 1658 tamen
775 1621 835 1658 non
853 1622 921 1659 esse

161 1690 381 1770 quodtoleret.
403 1693 547 1764 Prospera
570 1687 601 1744 in
621 1688 749 1746 adversis
769 1689 915 1761 desidero,

163 1780 285 1838 adversa
298 1779 330 1836 in
341 1777 488 1855 prosperis
501 1777 599 1834 timeo.
609 1778 681 1852 Quis
695 1779 770 1836 inter
782 1779 844 1836 haec
858 1799 917 1838 me·

164 1871 228 1930 dius
242 1872 338 1939 locus,
351 1866 403 1925 ubi
416 1869 524 1926 nonsit
537 1868 665 1926 humana
676 1869 737 1928 vita
749 1869 868 1926 tentatio
882 1869 916 1924 *P

163 1968 211 2020 Vae
232 1957 476 2038 prosperitatibus
492 1959 603 2029 saeculi,
616 1960 703 2016 semel
725 1971 754 2016 et
765 1959 887 2028 iterum,
900 1980 917 2016 a

164 2053 267 2110 timore
288 2049 482 2119 adversitatis,
504 2060 532 2106 et
552 2069 569 2108 a
587 2050 774 2127 corruptione
794 2049 915 2108 laetitiae!

163 2147 213 2200 Vae
232 2138 456 2198 adversitatibus
474 2138 585 2209 saeeuli,
607 2139 695 2197 semel
715 2151 744 2196 et
764 2139 870 2204 iterum
889 2152 925 2196 et«

164 2231 263 2302 tertio,
285 2249 302 2286 a
323 2227 467 2287 desiderio
488 2227 701 2306 prosperitatis!
707 2241 746 2286 et
767 2227 919 2306 quia-ipsa

164 2319 322 2380 adversitas
341 2317 415 2374 dura
433 2329 491 2388 est,
512 2331 541 2375 et
559 2317 711 2394 naufragat
731 2317 927 2388 tolerantia*;·

113 2483 119 2490 ἱ
164 2410 306 2487 numquid
326 2409 523 2467 nontentatio
543 2421 585 2467 est
604 2410 665 2468 vita
684 2409 812 2468 humana
829 2427 925 2486 super-

165 2513 271 2558 terram
286 2502 349 2557 sine
362 2500 423 2556 ullo
437 2500 610 2558 interstitio?

404 2664 675 2729 caporrxxlx.

405 2897 409 2906 ι
425 2833 454 2876 In
470 2831 522 2879 Deo
533 2843 587 2894 spes
598 2836 658 2876 tote.

199 2962 254 3031 ii).
268 2976 304 3032 Et
314 2983 373 3034 tota
386 2993 451 3053 spes
466 2981 530 3034 mea
541 2993 601 3034 non
612 2977 666 3039 nisi
680 2971 711 3032 in
721 2993 824 3054 magna
833 2973 918 3037 valde

167 3061 365 3122 misericordia
379 3067 437 3122 tire.
448 3071 494 3124 Da
507 3064 587 3143 quod
598 3064 698 3143 jubes,
714 3079 742 3124 et
751 3065 825 3143 jube
838 3067 918 3146 quod
1010 3143 1017 3154 Ι

204 3197 335 3280 waben,
351 3224 373 3270 1.
401 3195 405 3238 Ἰ
451 3261 454 3268 .
769 3261 771 3268 .

780 3319 810 3363 27
