2356 4018
280 459 329 504 234
461 455 486 504 S.
504 453 686 504 AUGUSTINI
701 453 844 503 autscorr

524 629 526 634 ’
546 606 679 672 CAPUT
698 606 755 670 XI.

382 773 456 820 Lucu
473 765 571 836 spiritus
591 773 616 815 et
632 764 714 814 ¹camis
730 763 756 814 in
777 762 920 831 Augustino.

317 917 364 974 25.
376 917 425 977 Sic
440 913 616 993 aegrotabam
635 925 666 970 et
683 913 872 973 excruciabar
891 933 1031 978 accusans

276 1006 480 1084 memetipsum
492 1003 578 1062 solito
591 1001 724 1061 acerbius
737 1002 840 1077 nimis,
861 1023 896 1063 ac
908 1006 1029 1066 volvens

277 1111 306 1156 et
314 1115 432 1157 versans
442 1115 489 1154 mc
499 1095 530 1152 in
542 1093 661 1153 vinculo
672 1111 738 1152 meo
745 1136 754 1165 ‚
768 1091 862 1152 donec
874 1094 1029 1174 abrumpe-

276 1199 358 1246 retur.
370 1198 464 1246 totum
476 1205 536 1264 quc
547 1183 611 1262 jam
620 1181 726 1262 exiguo
740 1184 870 1258 tenebar,
883 1185 934 1248 red
945 1197 1027 1244 tene-

275 1276 330 1336 bar
343 1283 448 1334 tamen.
464 1279 500 1333 Et
514 1272 642 1332 instabas
654 1285 686 1332 tu
697 1273 727 1331 in
735 1271 857 1332 occultis
867 1274 940 1333 meis
947 1317 957 1348 ,
968 1279 1029 1334 Do-

273 1363 366 1438 mine,
381 1361 485 1446 seueri
494 1358 708 1435 misericordia,
721 1363 833 1442 flagella
851 1363 1028 1444 ingeminans

276 1455 387 1515 timoris
398 1469 428 1515 et
440 1454 575 1536 pudoris,
586 1471 623 1511 ne
639 1473 739 1512 rursus
750 1473 908 1526 cessarem,
927 1466 957 1512 et
969 1473 1027 1512 non

276 1543 499 1625 abrumperetur
513 1544 641 1624 idipsum
652 1543 789 1620 exiguum
802 1556 833 1602 et
846 1557 932 1604 tenue
947 1545 1028 1622 quod

274 1647 465 1707 remanseram
484 1646 515 1692 et
527 1633 718 1692 revalesceret
735 1632 860 1706 iterum,
873 1645 905 1690 et
917 1651 963 1692 me
974 1651 1026 1692 rc·

274 1725 388 1784 buatius
401 1725 540 1802 alligaret.
548 1721 691 1800 'Dicebam
702 1721 779 1780 enim
788 1721 866 1800 apud
876 1741 922 1780 me
930 1724 1027 1782 intus:

272 1819 349 1874 Ecce
362 1815 451 1874 modo
461 1815 526 1886 fiat,
538 1811 626 1871 modo
647 1813 705 1870 fiat.
726 1813 763 1896 Et
779 1829 846 1872 cum
856 1809 950 1872 verbo
964 1811 1026 1892 jam

250 1885 258 1992 Ι
274 1903 354 1967 ibam
370 1906 401 1964 in
417 1905 649 1984 placitumtam
660 1919 735 1980 pene
749 1901 904 1977 faciebam,
919 1915 952 1962 et
966 1923 1027 1962 nou

273 1993 416 2054 faciebam
429 2015 436 2050 :
450 2011 505 2050 nec
518 1989 672 2066 relabebar
680 2003 776 2049 tamen
787 1990 818 2048 in
827 1988 965 2070 pristina,
974 1993 1027 2050 scd

219 2105 222 2110 ·
274 2084 312 2143 de
322 2084 456 2163 proximo
465 2081 592 2154 stabam,
606 2094 635 2140 et
647 2079 836 2158 respirabam.
852 2083 889 2139 Et
901 2081 970 2140 item
979 2101 1026 2141 cu·

274 2173 380 2246 nabar,
394 2186 424 2230 et
431 2172 520 2254 paulo
529 2172 624 2232 minus
635 2171 678 2230 ibi
687 2187 782 2243 eram,
793 2171 920 2248 etpaulo
930 2172 1025 2230 minus

270 2261 448 2340 jamjamque
462 2260 639 2338 attingebam
652 2273 682 2319 et
694 2259 846 2333 tenebam
864 2271 893 2318 et
908 2281 967 2318 non
981 2261 1025 2320 ibi

274 2369 432 2422 eram‚nec
443 2349 635 2428 attingebam,
647 2367 701 2408 nec
720 2349 873 2424 tenebam,
891 2350 1025 2411 lantiam

274 2439 348 2498 mori
360 2441 461 2512 morti,
474 2451 504 2498 et
516 2433 582 2497 vitae
591 2440 704 2511 viverc3
715 2441 839 2518 plusque
849 2440 881 2498 in
890 2459 937 2502 rue
948 2441 1025 2500 vale·

273 2528 325 2588 bat
339 2529 466 2589 deterius
478 2529 626 2602 inolitum,
640 2547 728 2606 quam
743 2530 845 2589 meiius
858 2529 1024 2590 insolitum:

272 2634 471 2700 punctumque
483 2621 579 2699 ipsum
592 2620 730 2699 temporis
743 2639 803 2698 quo
816 2620 895 2679 aliud
908 2621 1023 2680 futurus

273 2727 366 2785 eram,
380 2723 489 2788 quanto
500 2711 621 2789 propius
631 2709 855 2784 admovebatur,
871 2721 951 2769 tanto
963 2729 1023 2770 nm-

250 2819 252 2823 ·
272 2799 395 2880 pliqrem
410 2799 570 2858 incutiebat
582 2798 734 2858 horrorem
744 2821 755 2871 ς
767 2799 819 2858 scd
827 2817 887 2858 non
895 2805 1023 2860 recrrtic·

272 2884 324 2944 bat
336 2899 428 2960 retro,
445 2909 499 2946 nec
512 2887 675 2960 avertebat,
689 2887 741 2947 sed
759 2888 961 2966 suspendebat.

294 2972 342 3032 26.
350 2975 525 3034 Retinebant
535 2995 619 3053 nugae
627 2995 778 3054 nugarum,
785 2989 815 3036 et
823 2978 964 3038 vanitates
973 3000 1021 3039 va-

272 3062 393 3122 nitatum
402 3063 416 3090 *
427 3063 552 3142 antiquae
566 3064 665 3124 amicae
681 3083 760 3140 meae,
772 3078 801 3124 et
818 3067 1021 3128 succutiebant

272 3166 380 3219 vestem
400 3173 493 3213 meam
511 3173 658 3229 carneam,
674 3167 703 3214 et
724 3155 1018 3218 submurmurabant:
