<?xml version="1.0" encoding="UTF-8"?>
<!DOCTYPE html PUBLIC "-//W3C//DTD XHTML 1.0 Transitional//EN"
    "http://www.w3.org/TR/xhtml1/DTD/xhtml1-transitional.dtd">
<html xmlns="http://www.w3.org/1999/xhtml" xml:lang="en" lang="en">
 <head>
  <title>
</title>
<meta http-equiv="Content-Type" content="text/html;charset=utf-8" />
  <meta name='ocr-system' content='tesseract 3.04.00' />
  <meta name='ocr-capabilities' content='ocr_page ocr_carea ocr_par ocr_line ocrx_word'/>
</head>
<body>
  <div class='ocr_page' id='page_1' title='image "./confessionumlib00maugoog_0054.png"; bbox 0 0 2326 4020; ppageno 0'>
   <div class='ocr_carea' id='block_1_1' title="bbox 417 649 864 794">
    <p class='ocr_par' dir='ltr' id='par_1_1' title="bbox 417 649 864 794">
     <span class='ocr_line' id='line_1_1' title="bbox 417 649 864 794; baseline 0.004 -4"><span class='ocrx_word' id='word_1_1' title='bbox 417 715 564 791; x_wconf 68' lang='lat' dir='ltr'>uacui</span> <span class='ocrx_word' id='word_1_2' title='bbox 588 649 864 794; x_wconf 80' lang='lat' dir='ltr'>sucuuuus.</span> 
     </span>
    </p>
   </div>
   <div class='ocr_carea' id='block_1_2' title="bbox 260 894 1026 1322">
    <p class='ocr_par' dir='ltr' id='par_1_2' title="bbox 260 894 1026 1322">
     <span class='ocr_line' id='line_1_2' title="bbox 296 894 1021 960; baseline -0.001 -12"><span class='ocrx_word' id='word_1_3' title='bbox 296 898 335 948; x_wconf 74' lang='lat' dir='ltr'>od</span> <span class='ocrx_word' id='word_1_4' title='bbox 348 903 456 948; x_wconf 70' lang='lat' dir='ltr'>auam</span> <span class='ocrx_word' id='word_1_5' title='bbox 466 896 545 948; x_wconf 77' lang='lat' dir='ltr'>clim</span> <span class='ocrx_word' id='word_1_6' title='bbox 556 894 740 960; x_wconf 55' lang='lat' dir='ltr'>mullus,</span> <span class='ocrx_word' id='word_1_7' title='bbox 753 895 921 958; x_wconf 65' lang='lat' dir='ltr'>mulumque</span> <span class='ocrx_word' id='word_1_8' title='bbox 932 897 1021 947; x_wconf 71' lang='lat' dir='ltr'>adole·</span> 
     </span>
     <span class='ocr_line' id='line_1_3' title="bbox 266 967 1023 1033; baseline -0.005 -9"><span class='ocrx_word' id='word_1_9' title='bbox 266 970 373 1024; x_wconf 72' lang='lat' dir='ltr'>ocentle</span> <span class='ocrx_word' id='word_1_10' title='bbox 388 983 457 1033; x_wconf 69' lang='lat' dir='ltr'>sun,</span> <span class='ocrx_word' id='word_1_11' title='bbox 468 967 497 1018; x_wconf 85' lang='lat' dir='ltr'>id</span> <span class='ocrx_word' id='word_1_12' title='bbox 511 976 566 1027; x_wconf 81' lang='lat' dir='ltr'>cat,</span> <span class='ocrx_word' id='word_1_13' title='bbox 579 967 826 1022; x_wconf 66' lang='lat' dir='ltr'>summ-decimu</span> <span class='ocrx_word' id='word_1_14' title='bbox 834 967 897 1020; x_wconf 70' lang='lat' dir='ltr'>aliie</span> <span class='ocrx_word' id='word_1_15' title='bbox 908 979 1023 1031; x_wconf 78' lang='lat' dir='ltr'>annun,</span> 
     </span>
     <span class='ocr_line' id='line_1_4' title="bbox 267 1038 1024 1106; baseline 0.003 -14"><span class='ocrx_word' id='word_1_16' title='bbox 267 1057 346 1104; x_wconf 88' lang='lat' dir='ltr'>quem</span> <span class='ocrx_word' id='word_1_17' title='bbox 369 1042 397 1092; x_wconf 85' lang='lat' dir='ltr'>iu</span> <span class='ocrx_word' id='word_1_18' title='bbox 426 1048 536 1106; x_wconf 78' lang='lat' dir='ltr'>paterno</span> <span class='ocrx_word' id='word_1_19' title='bbox 562 1038 641 1090; x_wconf 87' lang='lat' dir='ltr'>domo</span> <span class='ocrx_word' id='word_1_20' title='bbox 662 1039 758 1090; x_wconf 82' lang='lat' dir='ltr'>studiis</span> <span class='ocrx_word' id='word_1_21' title='bbox 779 1039 936 1094; x_wconf 72' lang='lat' dir='ltr'>iuitemusis</span> <span class='ocrx_word' id='word_1_22' title='bbox 958 1053 1024 1094; x_wconf 71' lang='grc' dir='ltr'>σου·</span> 
     </span>
     <span class='ocr_line' id='line_1_5' title="bbox 267 1107 1026 1178; baseline -0.003 -14"><span class='ocrx_word' id='word_1_23' title='bbox 267 1121 416 1177; x_wconf 79' lang='lat' dir='ltr'><strong>sumpserat</strong></span> <span class='ocrx_word' id='word_1_24' title='bbox 431 1113 510 1178; x_wconf 76' lang='lat' dir='ltr'>genio</span> <span class='ocrx_word' id='word_1_25' title='bbox 521 1109 722 1162; x_wconf 74' lang='lat' dir='ltr'>aclibidinibus</span> <span class='ocrx_word' id='word_1_26' title='bbox 735 1107 892 1178; x_wconf 63' lang='lat' dir='ltr'>&#39;indulgens</span> <span class='ocrx_word' id='word_1_27' title='bbox 904 1112 936 1162; x_wconf 85' lang='lat' dir='ltr'>ad</span> <span class='ocrx_word' id='word_1_28' title='bbox 954 1126 1026 1162; x_wconf 86' lang='lat' dir='ltr'>meu·</span> 
     </span>
     <span class='ocr_line' id='line_1_6' title="bbox 260 1183 1026 1250; baseline -0.004 -14"><span class='ocrx_word' id='word_1_29' title='bbox 260 1193 320 1236; x_wconf 63' lang='lat' dir='ltr'>*tem</span> <span class='ocrx_word' id='word_1_30' title='bbox 331 1193 438 1236; x_wconf 78' lang='lat' dir='ltr'>revocat</span> <span class='ocrx_word' id='word_1_31' title='bbox 448 1199 511 1236; x_wconf 79' lang='lat' dir='ltr'>cun</span> <span class='ocrx_word' id='word_1_32' title='bbox 527 1185 602 1250; x_wconf 72' lang='lat' dir='ltr'>gravi</span> <span class='ocrx_word' id='word_1_33' title='bbox 615 1184 715 1245; x_wconf 81' lang='lat' dir='ltr'>dolore,</span> <span class='ocrx_word' id='word_1_34' title='bbox 728 1197 832 1234; x_wconf 76' lang='lat' dir='ltr'>severus</span> <span class='ocrx_word' id='word_1_35' title='bbox 844 1183 1026 1234; x_wconf 80' lang='lat' dir='ltr'>admodumln</span> 
     </span>
     <span class='ocr_line' id='line_1_7' title="bbox 264 1255 1026 1322; baseline -0.005 -12"><span class='ocrx_word' id='word_1_36' title='bbox 264 1259 437 1322; x_wconf 76' lang='lat' dir='ltr'>dijudicando</span> <span class='ocrx_word' id='word_1_37' title='bbox 445 1261 522 1310; x_wconf 73' lang='lat' dir='ltr'><em>m</em></span> <span class='ocrx_word' id='word_1_38' title='bbox 532 1273 547 1310; x_wconf 80' lang='lat' dir='ltr'>a</span> <span class='ocrx_word' id='word_1_39' title='bbox 556 1265 664 1310; x_wconf 65' lang='lat' dir='ltr'>amc</span> <span class='ocrx_word' id='word_1_40' title='bbox 673 1257 801 1321; x_wconf 65' lang='lat' dir='ltr'>morlo</span> <span class='ocrx_word' id='word_1_41' title='bbox 815 1271 877 1308; x_wconf 80' lang='lat' dir='ltr'>cum</span> <span class='ocrx_word' id='word_1_42' title='bbox 890 1255 1026 1308; x_wconf 66' lang='lat' dir='ltr'>sohllbus</span> 
     </span>
    </p>
   </div>
   <div class='ocr_carea' id='block_1_3' title="bbox 262 1339 429 1400">
    <p class='ocr_par' dir='ltr' id='par_1_3' title="bbox 262 1339 429 1400">
     <span class='ocr_line' id='line_1_8' title="bbox 262 1339 429 1400; baseline -0.018 -14"><span class='ocrx_word' id='word_1_43' title='bbox 262 1339 429 1400; x_wconf 61' lang='lat' dir='ltr'>oetaeum.</span> 
     </span>
    </p>
   </div>
   <div class='ocr_carea' id='block_1_4' title="bbox 566 1455 732 1484">
    <p class='ocr_par' dir='ltr' id='par_1_4' title="bbox 566 1455 732 1484">
     <span class='ocr_line' id='line_1_9' title="bbox 566 1455 732 1484; baseline -0.006 -3"><span class='ocrx_word' id='word_1_44' title='bbox 566 1455 732 1484; x_wconf 59' lang='grc' dir='ltr'>«ιι-*-</span> 
     </span>
    </p>
   </div>
   <div class='ocr_carea' id='block_1_5' title="bbox 402 1605 899 1828">
    <p class='ocr_par' dir='ltr' id='par_1_5' title="bbox 402 1605 899 1828">
     <span class='ocr_line' id='line_1_10' title="bbox 467 1605 817 1673; baseline -0.026 0"><span class='ocrx_word' id='word_1_45' title='bbox 467 1607 610 1671; x_wconf 67' lang='lat' dir='ltr'>oswi</span> <span class='ocrx_word' id='word_1_46' title='bbox 629 1605 817 1673; x_wconf 73' lang='lat' dir='ltr'>PRIMUM.</span> 
     </span>
     <span class='ocr_line' id='line_1_11' title="bbox 402 1771 899 1828; baseline -0.012 0"><span class='ocrx_word' id='word_1_47' title='bbox 402 1773 579 1828; x_wconf 66' lang='lat' dir='ltr'>Adolescentia</span> <span class='ocrx_word' id='word_1_48' title='bbox 592 1781 688 1827; x_wconf 71' lang='lat' dir='ltr'>eoum</span> <span class='ocrx_word' id='word_1_49' title='bbox 699 1779 725 1822; x_wconf 82' lang='lat' dir='ltr'>ct</span> <span class='ocrx_word' id='word_1_50' title='bbox 738 1771 795 1823; x_wconf 73' lang='lat' dir='ltr'>vitio</span> <span class='ocrx_word' id='word_1_51' title='bbox 807 1771 899 1823; x_wconf 71' lang='lat' dir='ltr'>molit.</span> 
     </span>
    </p>
   </div>
   <div class='ocr_carea' id='block_1_6' title="bbox 272 1924 1036 3189">
    <p class='ocr_par' dir='ltr' id='par_1_6' title="bbox 272 1924 1036 3189">
     <span class='ocr_line' id='line_1_12' title="bbox 317 1924 1032 1998; baseline -0.006 -4"><span class='ocrx_word' id='word_1_52' title='bbox 317 1938 340 1994; x_wconf 90' lang='lat' dir='ltr'>l.</span> <span class='ocrx_word' id='word_1_53' title='bbox 358 1935 520 1997; x_wconf 86' lang='lat' dir='ltr'>Recordari</span> <span class='ocrx_word' id='word_1_54' title='bbox 541 1935 609 1996; x_wconf 84' lang='lat' dir='ltr'>volo</span> <span class='ocrx_word' id='word_1_55' title='bbox 628 1924 786 1992; x_wconf 76' lang='lat' dir='ltr'>tiansactas</span> <span class='ocrx_word' id='word_1_56' title='bbox 807 1931 949 1998; x_wconf 71' lang='lat' dir='ltr'><strong>foeditates</strong></span> <span class='ocrx_word' id='word_1_57' title='bbox 964 1951 1032 1994; x_wconf 78' lang='lat' dir='ltr'>,me-</span> 
     </span>
     <span class='ocr_line' id='line_1_13' title="bbox 273 2021 1031 2104; baseline -0.005 -18"><span class='ocrx_word' id='word_1_58' title='bbox 273 2050 321 2101; x_wconf 82' lang='lat' dir='ltr'>us,</span> <span class='ocrx_word' id='word_1_59' title='bbox 336 2041 366 2086; x_wconf 93' lang='lat' dir='ltr'>et</span> <span class='ocrx_word' id='word_1_60' title='bbox 385 2026 516 2085; x_wconf 84' lang='lat' dir='ltr'>carnales</span> <span class='ocrx_word' id='word_1_61' title='bbox 528 2021 732 2104; x_wconf 70' lang='lat' dir='ltr'>corruplioues</span> <span class='ocrx_word' id='word_1_62' title='bbox 746 2023 848 2082; x_wconf 73' lang='lat' dir='ltr'>anime</span> <span class='ocrx_word' id='word_1_63' title='bbox 865 2041 936 2084; x_wconf 86' lang='lat' dir='ltr'>meae</span> <span class='ocrx_word' id='word_1_64' title='bbox 952 2044 958 2078; x_wconf 90' lang='lat'>:</span> <span class='ocrx_word' id='word_1_65' title='bbox 974 2041 1031 2086; x_wconf 86' lang='lat' dir='ltr'>uon</span> 
     </span>
     <span class='ocr_line' id='line_1_14' title="bbox 272 2113 1031 2196; baseline -0.013 -18"><span class='ocrx_word' id='word_1_66' title='bbox 272 2119 353 2196; x_wconf 91' lang='lat' dir='ltr'>quod</span> <span class='ocrx_word' id='word_1_67' title='bbox 372 2137 420 2176; x_wconf 88' lang='lat' dir='ltr'>eas</span> <span class='ocrx_word' id='word_1_68' title='bbox 437 2135 547 2187; x_wconf 81' lang='lat' dir='ltr'>amem3</span> <span class='ocrx_word' id='word_1_69' title='bbox 560 2113 617 2172; x_wconf 86' lang='lat' dir='ltr'>sed·</span> <span class='ocrx_word' id='word_1_70' title='bbox 626 2126 659 2172; x_wconf 89' lang='lat' dir='ltr'>ut</span> <span class='ocrx_word' id='word_1_71' title='bbox 674 2133 767 2172; x_wconf 85' lang='lat' dir='ltr'>amem</span> <span class='ocrx_word' id='word_1_72' title='bbox 783 2126 829 2185; x_wconf 86' lang='lat' dir='ltr'>te,</span> <span class='ocrx_word' id='word_1_73' title='bbox 844 2116 924 2176; x_wconf 82' lang='lat' dir='ltr'>Deus</span> <span class='ocrx_word' id='word_1_74' title='bbox 941 2133 1031 2174; x_wconf 84' lang='lat' dir='ltr'>meus.</span> 
     </span>
     <span class='ocr_line' id='line_1_15' title="bbox 272 2203 1032 2276; baseline -0.009 -9"><span class='ocrx_word' id='word_1_75' title='bbox 272 2216 382 2267; x_wconf 84' lang='lat' dir='ltr'>Amore</span> <span class='ocrx_word' id='word_1_76' title='bbox 406 2206 512 2265; x_wconf 84' lang='lat' dir='ltr'>amoris</span> <span class='ocrx_word' id='word_1_77' title='bbox 537 2207 580 2263; x_wconf 88' lang='lat' dir='ltr'>tui</span> <span class='ocrx_word' id='word_1_78' title='bbox 603 2203 679 2263; x_wconf 82' lang='lat' dir='ltr'>facio</span> <span class='ocrx_word' id='word_1_79' title='bbox 703 2203 799 2276; x_wconf 88' lang='lat' dir='ltr'>istud,</span> <span class='ocrx_word' id='word_1_80' title='bbox 821 2204 952 2262; x_wconf 84' lang='lat' dir='ltr'>recolens</span> <span class='ocrx_word' id='word_1_81' title='bbox 972 2203 1032 2260; x_wconf 86' lang='lat' dir='ltr'>vias</span> 
     </span>
     <span class='ocr_line' id='line_1_16' title="bbox 273 2292 1033 2375; baseline -0.011 -18"><span class='ocrx_word' id='word_1_82' title='bbox 273 2319 351 2357; x_wconf 84' lang='lat' dir='ltr'>meas</span> <span class='ocrx_word' id='word_1_83' title='bbox 366 2297 558 2375; x_wconf 87' lang='lat' dir='ltr'>nequissimas</span> <span class='ocrx_word' id='word_1_84' title='bbox 569 2295 600 2352; x_wconf 86' lang='lat' dir='ltr'>in</span> <span class='ocrx_word' id='word_1_85' title='bbox 613 2293 806 2353; x_wconf 83' lang='lat' dir='ltr'>amaritudine</span> <span class='ocrx_word' id='word_1_86' title='bbox 819 2292 1033 2371; x_wconf 75' lang='lat' dir='ltr'>recogitationis</span> 
     </span>
     <span class='ocr_line' id='line_1_17' title="bbox 275 2382 1033 2461; baseline -0.009 -15"><span class='ocrx_word' id='word_1_87' title='bbox 275 2408 357 2461; x_wconf 83' lang='lat' dir='ltr'>meae,</span> <span class='ocrx_word' id='word_1_88' title='bbox 372 2400 405 2446; x_wconf 89' lang='lat' dir='ltr'>ut</span> <span class='ocrx_word' id='word_1_89' title='bbox 419 2400 451 2445; x_wconf 89' lang='lat' dir='ltr'>tu</span> <span class='ocrx_word' id='word_1_90' title='bbox 462 2386 610 2445; x_wconf 72' lang='lat' dir='ltr'>dulcescas</span> <span class='ocrx_word' id='word_1_91' title='bbox 624 2384 709 2455; x_wconf 86' lang='lat' dir='ltr'>mihi,</span> <span class='ocrx_word' id='word_1_92' title='bbox 722 2383 848 2442; x_wconf 86' lang='lat' dir='ltr'>dulcedo</span> <span class='ocrx_word' id='word_1_93' title='bbox 863 2382 1033 2452; x_wconf 72' lang='lat' dir='ltr'>consenex,</span> 
     </span>
     <span class='ocr_line' id='line_1_18' title="bbox 279 2472 1034 2553; baseline -0.008 -17"><span class='ocrx_word' id='word_1_94' title='bbox 279 2479 405 2538; x_wconf 86' lang='lat' dir='ltr'>dulcedo</span> <span class='ocrx_word' id='word_1_95' title='bbox 418 2477 489 2536; x_wconf 79' lang='lat' dir='ltr'>[elix</span> <span class='ocrx_word' id='word_1_96' title='bbox 504 2489 534 2534; x_wconf 85' lang='lat' dir='ltr'>el</span> <span class='ocrx_word' id='word_1_97' title='bbox 546 2495 663 2546; x_wconf 87' lang='lat' dir='ltr'>secura,</span> <span class='ocrx_word' id='word_1_98' title='bbox 677 2487 706 2532; x_wconf 80' lang='lat' dir='ltr'>et</span> <span class='ocrx_word' id='word_1_99' title='bbox 719 2473 875 2553; x_wconf 77' lang='lat' dir='ltr'>colligens*</span> <span class='ocrx_word' id='word_1_100' title='bbox 890 2493 963 2532; x_wconf 89' lang='lat' dir='ltr'>mea</span> <span class='ocrx_word' id='word_1_101' title='bbox 976 2472 1034 2530; x_wconf 83' lang='lat' dir='ltr'>dis—</span> 
     </span>
     <span class='ocr_line' id='line_1_19' title="bbox 274 2560 1034 2648; baseline -0.012 -20"><span class='ocrx_word' id='word_1_102' title='bbox 274 2571 411 2648; x_wconf 84' lang='lat' dir='ltr'>persione</span> <span class='ocrx_word' id='word_1_103' title='bbox 428 2568 459 2626; x_wconf 90' lang='lat' dir='ltr'>iu</span> <span class='ocrx_word' id='word_1_104' title='bbox 479 2585 538 2646; x_wconf 89' lang='lat' dir='ltr'>qua</span> <span class='ocrx_word' id='word_1_105' title='bbox 557 2565 702 2624; x_wconf 82' lang='lat' dir='ltr'>frustatim</span> <span class='ocrx_word' id='word_1_106' title='bbox 716 2563 852 2623; x_wconf 81' lang='lat' dir='ltr'>discissus</span> <span class='ocrx_word' id='word_1_107' title='bbox 866 2582 946 2634; x_wconf 89' lang='lat' dir='ltr'>sum,</span> <span class='ocrx_word' id='word_1_108' title='bbox 964 2560 1034 2620; x_wconf 90' lang='lat' dir='ltr'>dum</span> 
     </span>
     <span class='ocr_line' id='line_1_20' title="bbox 276 2651 1035 2724; baseline -0.013 -6"><span class='ocrx_word' id='word_1_109' title='bbox 276 2659 314 2718; x_wconf 85' lang='lat' dir='ltr'>ab</span> <span class='ocrx_word' id='word_1_110' title='bbox 325 2680 384 2718; x_wconf 90' lang='lat' dir='ltr'>uno</span> <span class='ocrx_word' id='word_1_111' title='bbox 399 2673 428 2718; x_wconf 89' lang='lat' dir='ltr'>te</span> <span class='ocrx_word' id='word_1_112' title='bbox 441 2677 560 2717; x_wconf 84' lang='lat' dir='ltr'>aversus</span> <span class='ocrx_word' id='word_1_113' title='bbox 571 2653 835 2724; x_wconf 36' lang='lat' dir='ltr'>involutaevanui.</span> <span class='ocrx_word' id='word_1_114' title='bbox 846 2651 946 2711; x_wconf 81' lang='lat' dir='ltr'>Exarsi</span> <span class='ocrx_word' id='word_1_115' title='bbox 959 2651 1035 2710; x_wconf 88' lang='lat' dir='ltr'>euim</span> 
     </span>
     <span class='ocr_line' id='line_1_21' title="bbox 277 2742 1036 2828; baseline -0.014 -17"><span class='ocrx_word' id='word_1_116' title='bbox 277 2750 435 2828; x_wconf 83' lang='lat' dir='ltr'>aliquando</span> <span class='ocrx_word' id='word_1_117' title='bbox 458 2749 557 2807; x_wconf 83' lang='lat' dir='ltr'>satiari</span> <span class='ocrx_word' id='word_1_118' title='bbox 582 2745 707 2804; x_wconf 81' lang='lat' dir='ltr'>inseris’</span> <span class='ocrx_word' id='word_1_119' title='bbox 729 2747 760 2804; x_wconf 89' lang='lat' dir='ltr'>iu</span> <span class='ocrx_word' id='word_1_120' title='bbox 783 2742 991 2815; x_wconf 79' lang='lat' dir='ltr'>adolescentia,</span> <span class='ocrx_word' id='word_1_121' title='bbox 1008 2756 1036 2800; x_wconf 85' lang='lat' dir='ltr'>et</span> 
     </span>
     <span class='ocr_line' id='line_1_22' title="bbox 278 2833 1036 2906; baseline -0.011 -7"><span class='ocrx_word' id='word_1_122' title='bbox 278 2843 431 2899; x_wconf 85' lang='lat' dir='ltr'>silvescere</span> <span class='ocrx_word' id='word_1_123' title='bbox 445 2859 531 2898; x_wconf 88' lang='lat' dir='ltr'>ausus</span> <span class='ocrx_word' id='word_1_124' title='bbox 544 2857 608 2906; x_wconf 82' lang='lat' dir='ltr'>sum</span> <span class='ocrx_word' id='word_1_125' title='bbox 623 2836 713 2894; x_wconf 82' lang='lat' dir='ltr'>variis</span> <span class='ocrx_word' id='word_1_126' title='bbox 726 2847 756 2894; x_wconf 86' lang='lat' dir='ltr'>et</span> <span class='ocrx_word' id='word_1_127' title='bbox 769 2833 915 2893; x_wconf 83' lang='lat' dir='ltr'>umbrosis</span> <span class='ocrx_word' id='word_1_128' title='bbox 928 2833 1036 2891; x_wconf 86' lang='lat' dir='ltr'>amori-</span> 
     </span>
     <span class='ocr_line' id='line_1_23' title="bbox 277 2923 1036 3004; baseline -0.011 -17"><span class='ocrx_word' id='word_1_129' title='bbox 277 2929 347 3001; x_wconf 88' lang='lat' dir='ltr'>bus;</span> <span class='ocrx_word' id='word_1_130' title='bbox 369 2942 398 2988; x_wconf 90' lang='lat' dir='ltr'>et</span> <span class='ocrx_word' id='word_1_131' title='bbox 423 2927 574 2988; x_wconf 83' lang='lat' dir='ltr'>contabuit</span> <span class='ocrx_word' id='word_1_132' title='bbox 591 2926 702 3004; x_wconf 87' lang='lat' dir='ltr'>species</span> <span class='ocrx_word' id='word_1_133' title='bbox 724 2945 802 2996; x_wconf 78' lang='lat' dir='ltr'>mea3</span> <span class='ocrx_word' id='word_1_134' title='bbox 820 2936 849 2982; x_wconf 83' lang='lat' dir='ltr'>et</span> <span class='ocrx_word' id='word_1_135' title='bbox 870 2923 1036 3000; x_wconf 77' lang='lat' dir='ltr'>computrui</span> 
     </span>
     <span class='ocr_line' id='line_1_24' title="bbox 279 3014 1036 3094; baseline -0.015 -15"><span class='ocrx_word' id='word_1_136' title='bbox 279 3040 376 3078; x_wconf 80' lang='lat' dir='ltr'>coram</span> <span class='ocrx_word' id='word_1_137' title='bbox 395 3019 487 3078; x_wconf 89' lang='lat' dir='ltr'>oculis</span> <span class='ocrx_word' id='word_1_138' title='bbox 499 3018 556 3076; x_wconf 92' lang='lat' dir='ltr'>tuis</span> <span class='ocrx_word' id='word_1_139' title='bbox 571 3016 689 3094; x_wconf 83' lang='lat' dir='ltr'>placens</span> <span class='ocrx_word' id='word_1_140' title='bbox 708 3015 794 3084; x_wconf 87' lang='lat' dir='ltr'>mihi,</span> <span class='ocrx_word' id='word_1_141' title='bbox 810 3026 839 3072; x_wconf 82' lang='lat' dir='ltr'>et</span> <span class='ocrx_word' id='word_1_142' title='bbox 856 3014 972 3090; x_wconf 81' lang='lat' dir='ltr'>placere</span> <span class='ocrx_word' id='word_1_143' title='bbox 986 3033 1036 3070; x_wconf 89' lang='lat' dir='ltr'>cu-</span> 
     </span>
     <span class='ocr_line' id='line_1_25' title="bbox 279 3107 646 3189; baseline -0.019 -19"><span class='ocrx_word' id='word_1_144' title='bbox 279 3113 361 3189; x_wconf 83' lang='lat' dir='ltr'>piens</span> <span class='ocrx_word' id='word_1_145' title='bbox 375 3110 468 3169; x_wconf 88' lang='lat' dir='ltr'>oculis</span> <span class='ocrx_word' id='word_1_146' title='bbox 485 3107 646 3166; x_wconf 90' lang='lat' dir='ltr'>homiuum.</span> 
     </span>
    </p>
   </div>
   <div class='ocr_carea' id='block_1_7' title="bbox 0 0 1193 4020">
    <p class='ocr_par' dir='ltr' id='par_1_7' title="bbox 0 0 1193 4020">
     <span class='ocr_line' id='line_1_26' title="bbox 0 0 1193 4020; baseline 0 0"><span class='ocrx_word' id='word_1_147' title='bbox 0 0 1193 4020; x_wconf 95' lang='lat' dir='ltr'> </span> 
     </span>
    </p>
   </div>
  </div>
 </body>
</html>
