2354 4034
316 497 569 552 courussmuuu
586 494 681 564 amun
700 499 771 546 xm.
876 501 926 550 tsi

162 607 193 666 in
206 604 365 686 allegoria:
382 600 436 676 secl·
447 602 539 660 ‘fastus
555 596 704 670 elationis,
725 611 755 656 et
773 597 928 660 delectatio

163 697 310 769 libidinis,
329 707 359 752 et
382 709 527 751 venenum
546 689 723 748 curiositatis
742 702 839 748 motus
861 705 930 750 sunt

161 791 267 849 animae
280 798 421 856 mortuae;
444 783 584 861 quianon
596 776 640 838 ita
652 781 788 852 moritur,
804 794 838 840 ut
849 785 937 842 omni*

164 892 248 938 motu
269 889 384 948 careat,
401 873 541 952 quoniam
559 870 739 930 discedendo
755 873 911 933 alonte
883 896 930 934 vr-

165 983 202 1028 tae
214 969 354 1041 moritur,
375 978 463 1044 atque
477 966 518 1022 ita
530 963 695 1042 suscipitur
703 985 720 1022 a
734 977 929 1043 praetereunte

166 1061 287 1132 saeculo,
305 1070 335 1118 et
346 1053 581 1116 conformatur
557 1073 592 1112 er

206 1149 252 1208 31.
271 1145 401 1236 Verbum
422 1159 520 1230 autem
542 1153 641 1218 tuum,
661 1149 757 1219 Deus,
779 1149 844 1208 lons
863 1149 930 1208 vitae

165 1254 281 1306 aeteruae
292 1254 343 1315 est,
358 1252 387 1298 et
405 1259 465 1300 uon
479 1238 631 1318 praeterit·
646 1235 800 1316 ideoque
791 1260 822 1297 m
838 1241 931 1300 verbo

167 1347 218 1392 tuo
231 1332 387 1396 cohibetur
396 1330 447 1390 ille
457 1330 614 1402 discessus,
629 1329 699 1388 dum
711 1330 820 1414 dieitur
829 1331 931 1404 nobis,

167 1430 263 1484 Nolite
289 1423 462 1501 conformari
488 1425 552 1480 huic
577 1425 683 1485 saeculo
695 1443 706 1491 ,·
732 1434 765 1481 ut
790 1427 929 1498 producat

166 1515 284 1574 terrain
298 1515 378 1572 lonte
392 1512 460 1572 vitae
474 1517 604 1568 animam
616 1517 767 1580 cicentem,
790 1512 820 1569 in
837 1516 931 1588 verbo

168 1619 219 1663 tuo
240 1624 297 1682 per
321 1600 520 1680 Evangelistas
541 1613 607 1658 tuos
630 1598 755 1659 animam
779 1604 932 1668 continen-

169 1709 243 1768 tem,
258 1691 401 1757 imitando
423 1691 584 1770 imitatores
607 1688 714 1748 Christi
734 1691 788 1750 tui.
811 1697 875 1753 Hoc
889 1711 933 1756 est

168 1785 247 1844 enim
263 1786 532 1860 secunduoagenus,
552 1780 691 1860 quoniam
711 1783 858 1842 aemulatio
877 1787 933 1844 viri

168 1877 206 1938 ab
222 1877 316 1936 amico
330 1887 373 1934 est
387 1897 394 1932 ε
408 1879 515 1943 Estote,
527 1873 638 1950 inquit,
650 1879 722 1930 sicut
734 1893 785 1951 ego
792 1897 805 1945 ,-
826 1884 896 1953 quia
906 1893 935 1936 et

167 1989 219 2046 ego
233 1974 307 2026 sicut
316 1986 368 2024 vos
377 1975 395 2024 ¹.
408 1969 454 2023 Ita
469 1975 557 2024 erunt
570 1964 601 2022 in
618 1963 715 2022 anima
733 1965 818 2023 viva*
831 1960 932 2028 bestiae

167 2057 252 2118 bonae
264 2059 295 2116 in
311 2055 533 2118 mansuetudine
546 2056 675 2138 actionis.
687 2057 830 2116 Mandasti
841 2059 933 2135 enirn,

169 2151 268 2209 dicens
290 2141 353 2207 {In
386 2141 605 2208 mansuetudine
625 2169 713 2224 opera
740 2163 790 2208 tua
810 2155 931 2228 perfice,

168 2256 196 2300 et
213 2241 250 2300 ab
265 2248 343 2300 ornat
356 2243 650 2318 homiaedt'lt'geris’.
669 2240 705 2298 Et
728 2261 837 2319 pecora
855 2244 933 2306 bona

167 2353 263 2411 neque
285 2333 311 2392 si
336 2331 595 2404 manducaverint,
617 2330 811 2408 abundantia,
837 2357 932 2416 neque

168 2424 269 2482 sinon
293 2423 550 2496 manducaverint,
570 2423 712 2501 egentia:
732 2436 761 2482 et
783 2441 933 2506 serpentes

167 2513 254 2588 boni,
273 2515 332 2572 non
345 2514 502 2592 perniciosi
519 2513 557 2578 ad
576 2514 756 2586 nocendum,
775 2515 826 2574 sed
844 2520 933 2588 astuti

169 2602 206 2660 ad
220 2603 397 2677 cavendum3
412 2616 442 2660 et
455 2615 568 2661 tautum
582 2605 769 2682 explorantes
783 2617 933 2687 tempora-

168 2694 225 2750 lem
238 2706 390 2764 uaturam,
407 2704 550 2778 quantum
567 2693 695 2764 sufficit,
709 2706 742 2752 ut
754 2715 808 2772 per
820 2717 854 2755 ea
866 2720 932 2776 quaa

168 2785 344 2857 factasunt,
372 2783 519 2844 intellecta
538 2785 737 2863 conspiciatur
755 2789 899 2850 aeternitas
911 2793 931 2850 ³.

168 2874 305 2932 Serviunt
326 2873 403 2932 enim
427 2872 534 2932 rationi
556 2874 620 2933 haec
645 2875 795 2952 animalia,
820 2901 886 2940 cum
915 2904 931 2941 a

167 2982 324 3042 progressu
344 2963 499 3022 mortifero
521 2953 653 3022 cohibita
678 2967 781 3027 vivunt
804 2985 832 3030 et
854 2973 931 3032 bona

168 3067 242 3112 sunt.

204 3253 215 3278 ¹
231 3244 311 3295 Galat.
325 3262 359 3305 ιν,
374 3249 414 3296 tt.
425 3273 461 3283 -—
477 3255 487 3282 ²
502 3217 576 3298 Eccli.
588 3264 628 3309 111,
646 3254 685 3300 ts.
698 3278 731 3288 —
745 3250 756 3289 ³
768 3259 838 3305 Rom.
854 3274 875 3317 1,
887 3261 928 3306 20.

789 3351 822 3395 39
