2354 4034
302 486 556 538 CONFESSIONUM
573 486 668 539 LIBER
685 484 757 536 xm.
856 482 905 534 tot

145 601 252 648 verunt
268 607 304 648 ex
317 588 489 648 Macedonia
507 599 527 646 ¹.
546 586 702 664 Quomodo
716 599 813 644 autem
828 586 908 646 dolet

143 680 278 759 quaedam
294 681 388 760 ligna,
410 700 475 758 quae
498 681 624 746 fructum
646 679 672 738 ei
696 677 829 736 debitum
849 698 907 762 uon

146 770 373 844 dederunt„ubi
394 771 462 838 ait:
484 776 520 850 In
538 779 637 848 prima
660 792 724 832 mea
745 769 909 846 defensione

146 883 228 924 nemo
241 865 311 924 milri
323 859 429 936 adsuit,
447 865 500 920 sed
509 873 605 920 ornnes
617 883 662 922 me
677 865 889 937 dereliquerunt
900 883 909 916 .·

125 975 201 1018 ,non
212 959 270 1014 illis
280 960 436 1034 imputetur
445 955 474 1013 'l
488 957 548 1012 Ista
558 953 633 1014 enim
647 951 792 1012 debentur
804 950 908 1029 eisqui

146 1045 309 1104 ministrant
334 1043 499 1102 doctrinam
527 1044 700 1104 rationalem
725 1064 778 1122 per
801 1043 909 1120 ¹intelli-

145 1137 256 1213 gentias
274 1136 441 1196 divinorum
456 1138 678 1214 mysteriorum
694 1149 723 1194 et
738 1135 780 1204 ita¹
794 1135 835 1197 eis
856 1135 909 1194 de-

145 1223 266 1299 bentur,
288 1237 426 1303 tauquam
444 1225 620 1285 hominibus.
638 1225 791 1286 Debentur
810 1237 908 1285 autem

91 1371 97 1379 .
145 1316 187 1375 eis
203 1317 278 1376 sicut
296 1318 398 1377 animae
419 1317 506 1389 vivae,
523 1318 724 1396 praebentibus
739 1339 770 1378 se
785 1317 822 1376 ad
838 1318 908 1377 imi-

146 1408 267 1468 tandum
292 1409 428 1488 inomni
454 1411 641 1468 continentia.
666 1414 741 1468 Item
763 1408 909 1468 debentur

146 1498 188 1556 eis
206 1511 343 1575 tanquam
356 1498 539 1574 volatilibus,
553 1501 675 1577 propter
690 1497 909 1576 benedictiones

147 1606 327 1665 eorumquae
343 1589 575 1666 multiplicantur
589 1609 679 1667 super
695 1602 819 1660 terram,
834 1609 910 1667 quo-

146 1680 225 1738 niam
245 1681 275 1738 in
293 1701 408 1740 omnem
422 1693 530 1740 terram
546 1682 637 1741 exivit
651 1702 740 1742 sonus
762 1702 864 1740 eorum
876 1681 895 1737 ³.

388 1849 523 1912 oteur
543 1827 664 1920 xxvt.

145 1992 263 2080 'Voluptas
280 2022 304 2062 et
323 2011 414 2062 utilitas
435 2031 466 2062 ex
483 2013 601 2062 beneficio
619 2011 646 2063 in
664 2014 800 2082 proximum
815 2016 908 2066 collato.

145 2185 148 2193 ·
186 2155 234 2218 39.
252 2164 415 2220 Pascuntur
431 2175 530 2221 autem
547 2161 592 2223 his
610 2163 683 2222 escis
702 2165 754 2242 qui
772 2166 910 2229 laetantur

143 2249 204 2323 *eis3
218 2271 272 2310 nec
290 2252 333 2311 illi
351 2254 485 2321 laetantur
504 2253 545 2315 eis
565 2274 691 2332 quorum
708 2262 788 2316 Deus
808 2271 910 2323 venter

142 2355 197 2400 est.
213 2347 313 2421 Neque
328 2345 404 2406 enim
419 2359 449 2406 et
464 2347 494 2404 in
508 2346 626 2425 illisqui
645 2348 779 2426 praebent
792 2350 859 2424 ista,
875 2371 909 2410 ea

146 2453 210 2510 quae
225 2435 425 2508 dantfructus
441 2451 502 2510 est3¹
513 2439 564 2497 sed
577 2459 636 2516 quo
650 2441 746 2500 animo
760 2441 839 2501 dant.
852 2446 909 2502 Ito·
950 2484 952 2492 ,

147 2541 205 2599 que
226 2525 275 2602 ille
300 2526 350 2602 qui
371 2532 435 2586 Deo
457 2527 617 2598 serviebat,
640 2548 699 2586 non
722 2550 775 2587 suo
796 2531 908 2601 ventri,

146 2613 232 2670 video
244 2614 331 2690 plane
345 2613 422 2672 unde
439 2615 581 2692 gaudeam
596 2615 698 2687 video,
714 2629 743 2673 et
755 2630 910 2694 congreto,

147 2702 193 2758 lor
209 2703 237 2760 ei
251 2702 346 2762 valde.
364 2708 527 2781 Acceperat
540 2705 617 2761 enim
632 2724 649 2764 a
662 2704 908 2784 Philippensibus,

147 2809 212 2867 quae
233 2811 287 2870 per
307 2792 542 2870 Epaphroditum
561 2793 701 2854 miserant
708 2815 717 2866 3
737 2794 789 2852 sed
811 2807 909 2856 tamen

146 2879 225 2944 unde
237 2881 376 2960 gaudeat,
389 2883 485 2952 rideo.
499 2882 584 2942 Unde
598 2897 695 2950 autem
709 2885 830 2964 gaudet,
839 2887 908 2945 inde

146 2971 286 3048 pascitur,
296 2973 365 3052 quia
379 2973 408 3031 in
419 2974 542 3034 veritate
555 2977 687 3052 loquens,
702 2980 820 3036 Gavisus
833 2999 906 3047 sum,

144 3061 249 3140 iuquit,
265 3065 414 3141 magnifice
430 3071 459 3124 r'n
474 3071 609 3137 Domino,
627 3062 828 3143 quia'tandem
848 3073 906 3126 oli-

183 3235 224 3292 ιΙΙ
235 3235 290 3289 Cor.
304 3250 344 3295 rr,
353 3241 414 3291 9,--
429 3243 439 3275 ²
449 3239 473 3294 ΙΙ
481 3236 546 3293 Tim.
556 3253 591 3298 rr,
602 3239 641 3293 16,
649 3265 683 3274 -
696 3233 708 3274 ³
720 3239 781 3289 Psel.
795 3251 869 3296 xrut,
881 3241 905 3288 δ’.
