<?xml version="1.0" encoding="UTF-8"?>
<!DOCTYPE html PUBLIC "-//W3C//DTD XHTML 1.0 Transitional//EN"
    "http://www.w3.org/TR/xhtml1/DTD/xhtml1-transitional.dtd">
<html xmlns="http://www.w3.org/1999/xhtml" xml:lang="en" lang="en">
 <head>
  <title>
</title>
<meta http-equiv="Content-Type" content="text/html;charset=utf-8" />
  <meta name='ocr-system' content='tesseract 3.04.00' />
  <meta name='ocr-capabilities' content='ocr_page ocr_carea ocr_par ocr_line ocrx_word'/>
</head>
<body>
  <div class='ocr_page' id='page_1' title='image "./confessionumlib00maugoog_0127.png"; bbox 0 0 2316 4020; ppageno 0'>
   <div class='ocr_carea' id='block_1_1' title="bbox 288 491 872 548">
    <p class='ocr_par' dir='ltr' id='par_1_1' title="bbox 288 491 872 548">
     <span class='ocr_line' id='line_1_1' title="bbox 288 491 872 548; baseline 0.007 -4"><span class='ocrx_word' id='word_1_1' title='bbox 288 491 539 544; x_wconf 81' lang='lat' dir='ltr'><strong>CONFESSIONUM</strong></span> <span class='ocrx_word' id='word_1_2' title='bbox 558 493 651 542; x_wconf 84' lang='lat' dir='ltr'>LIBER</span> <span class='ocrx_word' id='word_1_3' title='bbox 670 493 702 541; x_wconf 85' lang='lat' dir='ltr'>V.</span> <span class='ocrx_word' id='word_1_4' title='bbox 828 501 872 548; x_wconf 80' lang='lat' dir='ltr'>lat</span> 
     </span>
    </p>
   </div>
   <div class='ocr_carea' id='block_1_2' title="bbox 124 588 908 3281">
    <p class='ocr_par' dir='ltr' id='par_1_2' title="bbox 124 588 883 1114">
     <span class='ocr_line' id='line_1_2' title="bbox 124 588 879 671; baseline 0.009 -23"><span class='ocrx_word' id='word_1_5' title='bbox 124 592 248 668; x_wconf 81' lang='lat' dir='ltr'>impolite</span> <span class='ocrx_word' id='word_1_6' title='bbox 276 588 464 658; x_wconf 60' lang='lat' dir='ltr'>enuntiatum</span> <span class='ocrx_word' id='word_1_7' title='bbox 489 607 543 644; x_wconf 89' lang='lat' dir='ltr'>nec</span> <span class='ocrx_word' id='word_1_8' title='bbox 567 588 634 646; x_wconf 91' lang='lat' dir='ltr'>ideo</span> <span class='ocrx_word' id='word_1_9' title='bbox 662 589 784 663; x_wconf 84' lang='lat' dir='ltr'>falsum,</span> <span class='ocrx_word' id='word_1_10' title='bbox 809 597 879 671; x_wconf 90' lang='lat' dir='ltr'>quia</span> 
     </span>
     <span class='ocr_line' id='line_1_3' title="bbox 124 677 881 761; baseline 0.008 -23"><span class='ocrx_word' id='word_1_11' title='bbox 124 681 288 757; x_wconf 84' lang='lat' dir='ltr'>splendidus</span> <span class='ocrx_word' id='word_1_12' title='bbox 305 699 402 739; x_wconf 89' lang='lat' dir='ltr'>sermo</span> <span class='ocrx_word' id='word_1_13' title='bbox 411 691 476 736; x_wconf 87' lang='lat' dir='ltr'>est:</span> <span class='ocrx_word' id='word_1_14' title='bbox 493 677 544 735; x_wconf 88' lang='lat' dir='ltr'>sed</span> <span class='ocrx_word' id='word_1_15' title='bbox 557 679 679 755; x_wconf 81' lang='lat' dir='ltr'>perinde</span> <span class='ocrx_word' id='word_1_16' title='bbox 694 699 755 740; x_wconf 88' lang='lat' dir='ltr'>esse</span> <span class='ocrx_word' id='word_1_17' title='bbox 769 686 881 761; x_wconf 85' lang='lat' dir='ltr'>sapien-</span> 
     </span>
     <span class='ocr_line' id='line_1_4' title="bbox 125 767 881 840; baseline 0.005 -12"><span class='ocrx_word' id='word_1_18' title='bbox 125 771 188 828; x_wconf 89' lang='lat' dir='ltr'>tiam</span> <span class='ocrx_word' id='word_1_19' title='bbox 205 783 235 828; x_wconf 89' lang='lat' dir='ltr'>et</span> <span class='ocrx_word' id='word_1_20' title='bbox 254 769 426 840; x_wconf 80' lang='lat' dir='ltr'>stultitiam,</span> <span class='ocrx_word' id='word_1_21' title='bbox 443 767 520 825; x_wconf 88' lang='lat' dir='ltr'>sicut</span> <span class='ocrx_word' id='word_1_22' title='bbox 537 780 604 827; x_wconf 89' lang='lat' dir='ltr'>sunt</span> <span class='ocrx_word' id='word_1_23' title='bbox 619 769 676 826; x_wconf 89' lang='lat' dir='ltr'>cibi</span> <span class='ocrx_word' id='word_1_24' title='bbox 692 771 777 830; x_wconf 85' lang='lat' dir='ltr'>utiles</span> <span class='ocrx_word' id='word_1_25' title='bbox 792 787 821 831; x_wconf 91' lang='lat' dir='ltr'>et</span> <span class='ocrx_word' id='word_1_26' title='bbox 836 776 881 832; x_wconf 92' lang='lat' dir='ltr'>in-</span> 
     </span>
     <span class='ocr_line' id='line_1_5' title="bbox 124 856 882 934; baseline 0.011 -19"><span class='ocrx_word' id='word_1_27' title='bbox 124 860 217 932; x_wconf 83' lang='lat' dir='ltr'>utiles3</span> <span class='ocrx_word' id='word_1_28' title='bbox 235 859 339 920; x_wconf 88' lang='lat' dir='ltr'>verbis</span> <span class='ocrx_word' id='word_1_29' title='bbox 359 870 456 916; x_wconf 88' lang='lat' dir='ltr'>autem</span> <span class='ocrx_word' id='word_1_30' title='bbox 474 856 583 914; x_wconf 90' lang='lat' dir='ltr'>ornatis</span> <span class='ocrx_word' id='word_1_31' title='bbox 603 869 633 914; x_wconf 91' lang='lat' dir='ltr'>et</span> <span class='ocrx_word' id='word_1_32' title='bbox 651 858 804 934; x_wconf 89' lang='lat' dir='ltr'>inornatis,</span> <span class='ocrx_word' id='word_1_33' title='bbox 824 864 882 923; x_wconf 86' lang='lat' dir='ltr'>sic—</span> 
     </span>
     <span class='ocr_line' id='line_1_6' title="bbox 126 946 883 1028; baseline 0.007 -22"><span class='ocrx_word' id='word_1_34' title='bbox 126 962 155 1006; x_wconf 88' lang='lat' dir='ltr'>ut</span> <span class='ocrx_word' id='word_1_35' title='bbox 174 950 248 1008; x_wconf 85' lang='lat' dir='ltr'>vasis</span> <span class='ocrx_word' id='word_1_36' title='bbox 263 948 389 1008; x_wconf 87' lang='lat' dir='ltr'>urbanis</span> <span class='ocrx_word' id='word_1_37' title='bbox 408 960 438 1005; x_wconf 89' lang='lat' dir='ltr'>et</span> <span class='ocrx_word' id='word_1_38' title='bbox 455 946 620 1017; x_wconf 83' lang='lat' dir='ltr'>rusticanis,</span> <span class='ocrx_word' id='word_1_39' title='bbox 640 960 780 1028; x_wconf 87' lang='lat' dir='ltr'>utrosque</span> <span class='ocrx_word' id='word_1_40' title='bbox 801 951 883 1011; x_wconf 88' lang='lat' dir='ltr'>cibos</span> 
     </span>
     <span class='ocr_line' id='line_1_7' title="bbox 127 1040 396 1114; baseline -0.011 -16"><span class='ocrx_word' id='word_1_41' title='bbox 127 1057 204 1114; x_wconf 82' lang='lat' dir='ltr'>posse</span> <span class='ocrx_word' id='word_1_42' title='bbox 223 1040 396 1099; x_wconf 79' lang='lat' dir='ltr'>ministrari.</span> 
     </span>
    </p>

    <p class='ocr_par' dir='ltr' id='par_1_3' title="bbox 129 1128 908 3281">
     <span class='ocr_line' id='line_1_8' title="bbox 166 1128 886 1208; baseline 0.013 -24"><span class='ocrx_word' id='word_1_43' title='bbox 166 1129 208 1186; x_wconf 87' lang='lat' dir='ltr'>ll.</span> <span class='ocrx_word' id='word_1_44' title='bbox 223 1131 320 1208; x_wconf 85' lang='lat' dir='ltr'>Igitur</span> <span class='ocrx_word' id='word_1_45' title='bbox 332 1128 456 1188; x_wconf 87' lang='lat' dir='ltr'>aviditas</span> <span class='ocrx_word' id='word_1_46' title='bbox 472 1147 548 1200; x_wconf 88' lang='lat' dir='ltr'>mea,</span> <span class='ocrx_word' id='word_1_47' title='bbox 559 1149 619 1206; x_wconf 87' lang='lat' dir='ltr'>qua</span> <span class='ocrx_word' id='word_1_48' title='bbox 631 1128 713 1188; x_wconf 91' lang='lat' dir='ltr'>illum</span> <span class='ocrx_word' id='word_1_49' title='bbox 725 1143 805 1191; x_wconf 90' lang='lat' dir='ltr'>tanto</span> <span class='ocrx_word' id='word_1_50' title='bbox 816 1146 886 1192; x_wconf 86' lang='lat' dir='ltr'>tem-</span> 
     </span>
     <span class='ocr_line' id='line_1_9' title="bbox 129 1217 886 1300; baseline 0.011 -25"><span class='ocrx_word' id='word_1_51' title='bbox 129 1237 194 1293; x_wconf 91' lang='lat' dir='ltr'>pore</span> <span class='ocrx_word' id='word_1_52' title='bbox 225 1233 465 1300; x_wconf 85' lang='lat' dir='ltr'>exspectaveram</span> <span class='ocrx_word' id='word_1_53' title='bbox 493 1217 657 1291; x_wconf 88' lang='lat' dir='ltr'>hominem,</span> <span class='ocrx_word' id='word_1_54' title='bbox 687 1219 886 1283; x_wconf 80' lang='lat' dir='ltr'>delectabatur</span> 
     </span>
     <span class='ocr_line' id='line_1_10' title="bbox 130 1308 887 1387; baseline 0.009 -22"><span class='ocrx_word' id='word_1_55' title='bbox 130 1308 241 1384; x_wconf 88' lang='lat' dir='ltr'>quidem</span> <span class='ocrx_word' id='word_1_56' title='bbox 255 1324 342 1372; x_wconf 90' lang='lat' dir='ltr'>motu</span> <span class='ocrx_word' id='word_1_57' title='bbox 356 1311 522 1386; x_wconf 83' lang='lat' dir='ltr'>affectuque</span> <span class='ocrx_word' id='word_1_58' title='bbox 542 1309 730 1387; x_wconf 84' lang='lat' dir='ltr'>disputantis,</span> <span class='ocrx_word' id='word_1_59' title='bbox 745 1325 775 1370; x_wconf 89' lang='lat' dir='ltr'>et</span> <span class='ocrx_word' id='word_1_60' title='bbox 789 1315 887 1372; x_wconf 90' lang='lat' dir='ltr'>verbis</span> 
     </span>
     <span class='ocr_line' id='line_1_11' title="bbox 131 1399 888 1477; baseline 0.012 -22"><span class='ocrx_word' id='word_1_61' title='bbox 131 1402 369 1476; x_wconf 82' lang='lat' dir='ltr'>congruentibus,</span> <span class='ocrx_word' id='word_1_62' title='bbox 386 1413 474 1477; x_wconf 90' lang='lat' dir='ltr'>atque</span> <span class='ocrx_word' id='word_1_63' title='bbox 495 1399 532 1458; x_wconf 90' lang='lat' dir='ltr'>ad</span> <span class='ocrx_word' id='word_1_64' title='bbox 549 1401 712 1459; x_wconf 85' lang='lat' dir='ltr'>vestiendas</span> <span class='ocrx_word' id='word_1_65' title='bbox 732 1405 888 1464; x_wconf 86' lang='lat' dir='ltr'>sententias</span> 
     </span>
     <span class='ocr_line' id='line_1_12' title="bbox 130 1486 887 1554; baseline 0.016 -12"><span class='ocrx_word' id='word_1_66' title='bbox 130 1486 208 1548; x_wconf 79' lang='lat' dir='ltr'>facile</span> <span class='ocrx_word' id='word_1_67' title='bbox 221 1489 457 1550; x_wconf 85' lang='lat' dir='ltr'>occurrentibus.</span> <span class='ocrx_word' id='word_1_68' title='bbox 469 1490 645 1548; x_wconf 88' lang='lat' dir='ltr'>Delectabar</span> <span class='ocrx_word' id='word_1_69' title='bbox 663 1504 759 1549; x_wconf 84' lang='lat' dir='ltr'>autem</span> <span class='ocrx_word' id='word_1_70' title='bbox 778 1507 807 1551; x_wconf 89' lang='lat' dir='ltr'>et</span> <span class='ocrx_word' id='word_1_71' title='bbox 822 1515 887 1554; x_wconf 88' lang='lat' dir='ltr'>cum</span> 
     </span>
     <span class='ocr_line' id='line_1_13' title="bbox 132 1578 890 1656; baseline 0.009 -22"><span class='ocrx_word' id='word_1_72' title='bbox 132 1578 236 1652; x_wconf 89' lang='lat' dir='ltr'>multis,</span> <span class='ocrx_word' id='word_1_73' title='bbox 250 1582 303 1640; x_wconf 83' lang='lat' dir='ltr'>vel</span> <span class='ocrx_word' id='word_1_74' title='bbox 315 1580 403 1638; x_wconf 90' lang='lat' dir='ltr'>etiam</span> <span class='ocrx_word' id='word_1_75' title='bbox 417 1598 477 1656; x_wconf 88' lang='lat' dir='ltr'>prae</span> <span class='ocrx_word' id='word_1_76' title='bbox 486 1579 586 1636; x_wconf 88' lang='lat' dir='ltr'>multis</span> <span class='ocrx_word' id='word_1_77' title='bbox 599 1579 754 1639; x_wconf 80' lang='lat' dir='ltr'>laudabam</span> <span class='ocrx_word' id='word_1_78' title='bbox 771 1601 804 1640; x_wconf 87' lang='lat' dir='ltr'>ac</span> <span class='ocrx_word' id='word_1_79' title='bbox 817 1583 890 1641; x_wconf 86' lang='lat' dir='ltr'>effe-</span> 
     </span>
     <span class='ocr_line' id='line_1_14' title="bbox 133 1666 892 1744; baseline 0.011 -21"><span class='ocrx_word' id='word_1_80' title='bbox 133 1666 244 1742; x_wconf 83' lang='lat' dir='ltr'>rebam3</span> <span class='ocrx_word' id='word_1_81' title='bbox 266 1669 322 1730; x_wconf 88' lang='lat' dir='ltr'>sed</span> <span class='ocrx_word' id='word_1_82' title='bbox 347 1670 468 1726; x_wconf 81' lang='lat' dir='ltr'>moleste</span> <span class='ocrx_word' id='word_1_83' title='bbox 494 1667 639 1726; x_wconf 86' lang='lat' dir='ltr'>habebam</span> <span class='ocrx_word' id='word_1_84' title='bbox 664 1671 744 1744; x_wconf 90' lang='lat' dir='ltr'>quod</span> <span class='ocrx_word' id='word_1_85' title='bbox 765 1671 794 1727; x_wconf 88' lang='lat' dir='ltr'>iu</span> <span class='ocrx_word' id='word_1_86' title='bbox 815 1686 892 1731; x_wconf 88' lang='lat' dir='ltr'>coetu</span> 
     </span>
     <span class='ocr_line' id='line_1_15' title="bbox 135 1757 893 1836; baseline 0.009 -23"><span class='ocrx_word' id='word_1_87' title='bbox 135 1757 312 1820; x_wconf 88' lang='lat' dir='ltr'>audientium</span> <span class='ocrx_word' id='word_1_88' title='bbox 324 1779 383 1816; x_wconf 93' lang='lat' dir='ltr'>non</span> <span class='ocrx_word' id='word_1_89' title='bbox 396 1759 506 1817; x_wconf 89' lang='lat' dir='ltr'>sinerer</span> <span class='ocrx_word' id='word_1_90' title='bbox 520 1758 563 1815; x_wconf 93' lang='lat' dir='ltr'>illi</span> <span class='ocrx_word' id='word_1_91' title='bbox 582 1758 729 1835; x_wconf 86' lang='lat' dir='ltr'>ingerere,</span> <span class='ocrx_word' id='word_1_92' title='bbox 744 1771 772 1816; x_wconf 89' lang='lat' dir='ltr'>et</span> <span class='ocrx_word' id='word_1_93' title='bbox 790 1762 893 1836; x_wconf 85' lang='lat' dir='ltr'>partiri</span> 
     </span>
     <span class='ocr_line' id='line_1_16' title="bbox 135 1848 892 1930; baseline 0.011 -29"><span class='ocrx_word' id='word_1_94' title='bbox 135 1865 195 1906; x_wconf 90' lang='lat' dir='ltr'>cum</span> <span class='ocrx_word' id='word_1_95' title='bbox 218 1871 254 1908; x_wconf 87' lang='lat' dir='ltr'>eo</span> <span class='ocrx_word' id='word_1_96' title='bbox 288 1867 373 1908; x_wconf 88' lang='lat' dir='ltr'>curas</span> <span class='ocrx_word' id='word_1_97' title='bbox 395 1848 588 1930; x_wconf 74' lang='lat' dir='ltr'>questionum</span> <span class='ocrx_word' id='word_1_98' title='bbox 617 1867 768 1920; x_wconf 88' lang='lat' dir='ltr'>mearum,</span> <span class='ocrx_word' id='word_1_99' title='bbox 790 1851 892 1909; x_wconf 86' lang='lat' dir='ltr'>conle-</span> 
     </span>
     <span class='ocr_line' id='line_1_17' title="bbox 138 1939 893 2017; baseline 0.011 -24"><span class='ocrx_word' id='word_1_100' title='bbox 138 1940 221 2001; x_wconf 90' lang='lat' dir='ltr'>rendo</span> <span class='ocrx_word' id='word_1_101' title='bbox 239 1940 438 2011; x_wconf 78' lang='lat' dir='ltr'>familiariter,</span> <span class='ocrx_word' id='word_1_102' title='bbox 454 1951 483 1997; x_wconf 89' lang='lat' dir='ltr'>et</span> <span class='ocrx_word' id='word_1_103' title='bbox 503 1939 675 2017; x_wconf 88' lang='lat' dir='ltr'>accipiendo</span> <span class='ocrx_word' id='word_1_104' title='bbox 693 1958 726 1996; x_wconf 89' lang='lat' dir='ltr'>ac</span> <span class='ocrx_word' id='word_1_105' title='bbox 743 1939 893 2001; x_wconf 87' lang='lat' dir='ltr'>reddendo</span> 
     </span>
     <span class='ocr_line' id='line_1_18' title="bbox 138 2029 892 2108; baseline 0.007 -22"><span class='ocrx_word' id='word_1_106' title='bbox 138 2048 304 2092; x_wconf 86' lang='lat' dir='ltr'>sermonem.</span> <span class='ocrx_word' id='word_1_107' title='bbox 317 2030 404 2105; x_wconf 84' lang='lat' dir='ltr'>Quod</span> <span class='ocrx_word' id='word_1_108' title='bbox 422 2029 473 2086; x_wconf 89' lang='lat' dir='ltr'>ubi</span> <span class='ocrx_word' id='word_1_109' title='bbox 491 2031 587 2107; x_wconf 91' lang='lat' dir='ltr'>potui,</span> <span class='ocrx_word' id='word_1_110' title='bbox 598 2041 627 2088; x_wconf 90' lang='lat' dir='ltr'>et</span> <span class='ocrx_word' id='word_1_111' title='bbox 645 2049 729 2089; x_wconf 86' lang='lat' dir='ltr'>aures</span> <span class='ocrx_word' id='word_1_112' title='bbox 748 2029 811 2108; x_wconf 86' lang='lat' dir='ltr'>ejus</span> <span class='ocrx_word' id='word_1_113' title='bbox 826 2053 892 2092; x_wconf 88' lang='lat' dir='ltr'>cum</span> 
     </span>
     <span class='ocr_line' id='line_1_19' title="bbox 139 2118 894 2200; baseline 0.001 -20"><span class='ocrx_word' id='word_1_114' title='bbox 139 2118 327 2182; x_wconf 77' lang='lat' dir='ltr'>familiaribus</span> <span class='ocrx_word' id='word_1_115' title='bbox 347 2120 418 2178; x_wconf 91' lang='lat' dir='ltr'>meis</span> <span class='ocrx_word' id='word_1_116' title='bbox 441 2139 535 2196; x_wconf 86' lang='lat' dir='ltr'>eoque</span> <span class='ocrx_word' id='word_1_117' title='bbox 556 2121 569 2144; x_wconf 79' lang='lat'><em>*</em></span> <span class='ocrx_word' id='word_1_118' title='bbox 592 2132 723 2198; x_wconf 89' lang='lat' dir='ltr'>tempore</span> <span class='ocrx_word' id='word_1_119' title='bbox 748 2141 894 2200; x_wconf 89' lang='lat' dir='ltr'>occupare</span> 
     </span>
     <span class='ocr_line' id='line_1_20' title="bbox 140 2210 894 2293; baseline 0.009 -27"><span class='ocrx_word' id='word_1_120' title='bbox 140 2214 224 2290; x_wconf 85' lang='lat' dir='ltr'>coepi,</span> <span class='ocrx_word' id='word_1_121' title='bbox 244 2232 308 2293; x_wconf 89' lang='lat' dir='ltr'>quo</span> <span class='ocrx_word' id='word_1_122' title='bbox 333 2232 392 2269; x_wconf 90' lang='lat' dir='ltr'>non</span> <span class='ocrx_word' id='word_1_123' title='bbox 419 2210 575 2269; x_wconf 87' lang='lat' dir='ltr'>dedeceret</span> <span class='ocrx_word' id='word_1_124' title='bbox 597 2213 714 2270; x_wconf 87' lang='lat' dir='ltr'>alternis</span> <span class='ocrx_word' id='word_1_125' title='bbox 737 2213 894 2286; x_wconf 88' lang='lat' dir='ltr'>disserere,</span> 
     </span>
     <span class='ocr_line' id='line_1_21' title="bbox 141 2294 897 2383; baseline 0.009 -25"><span class='ocrx_word' id='word_1_126' title='bbox 141 2314 168 2359; x_wconf 85' lang='lat' dir='ltr'>et</span> <span class='ocrx_word' id='word_1_127' title='bbox 178 2304 290 2382; x_wconf 89' lang='lat' dir='ltr'>protuli</span> <span class='ocrx_word' id='word_1_128' title='bbox 304 2303 519 2382; x_wconf 82' lang='lat' dir='ltr'>quaedamquae</span> <span class='ocrx_word' id='word_1_129' title='bbox 533 2323 579 2360; x_wconf 90' lang='lat' dir='ltr'>me</span> <span class='ocrx_word' id='word_1_130' title='bbox 599 2303 770 2376; x_wconf 83' lang='lat' dir='ltr'>movebant3</span> <span class='ocrx_word' id='word_1_131' title='bbox 790 2294 897 2383; x_wconf 79' lang='lat' dir='ltr'>exper-</span> 
     </span>
     <span class='ocr_line' id='line_1_22' title="bbox 143 2389 897 2473; baseline 0.005 -23"><span class='ocrx_word' id='word_1_132' title='bbox 143 2404 185 2451; x_wconf 89' lang='lat' dir='ltr'>tus</span> <span class='ocrx_word' id='word_1_133' title='bbox 202 2416 267 2456; x_wconf 89' lang='lat' dir='ltr'>sum</span> <span class='ocrx_word' id='word_1_134' title='bbox 288 2389 370 2473; x_wconf 83' lang='lat' dir='ltr'>prius</span> <span class='ocrx_word' id='word_1_135' title='bbox 389 2394 537 2452; x_wconf 84' lang='lat' dir='ltr'>hominem</span> <span class='ocrx_word' id='word_1_136' title='bbox 559 2407 709 2470; x_wconf 87' lang='lat' dir='ltr'>expertem</span> <span class='ocrx_word' id='word_1_137' title='bbox 731 2394 897 2454; x_wconf 90' lang='lat' dir='ltr'>liberalium</span> 
     </span>
     <span class='ocr_line' id='line_1_23' title="bbox 143 2477 899 2565; baseline 0.009 -28"><span class='ocrx_word' id='word_1_138' title='bbox 143 2477 377 2565; x_wconf 83' lang='lat' dir='ltr'>disciplinarum,</span> <span class='ocrx_word' id='word_1_139' title='bbox 400 2484 456 2542; x_wconf 89' lang='lat' dir='ltr'>nisi</span> <span class='ocrx_word' id='word_1_140' title='bbox 486 2484 695 2561; x_wconf 81' lang='lat' dir='ltr'>grammaticae,</span> <span class='ocrx_word' id='word_1_141' title='bbox 724 2498 810 2563; x_wconf 87' lang='lat' dir='ltr'>atque</span> <span class='ocrx_word' id='word_1_142' title='bbox 836 2485 899 2564; x_wconf 88' lang='lat' dir='ltr'>ejus</span> 
     </span>
     <span class='ocr_line' id='line_1_24' title="bbox 146 2572 905 2652; baseline 0.009 -24"><span class='ocrx_word' id='word_1_143' title='bbox 146 2572 231 2650; x_wconf 87' lang='lat' dir='ltr'>ipsius</span> <span class='ocrx_word' id='word_1_144' title='bbox 240 2575 349 2634; x_wconf 89' lang='lat' dir='ltr'>usitato</span> <span class='ocrx_word' id='word_1_145' title='bbox 360 2573 457 2632; x_wconf 87' lang='lat' dir='ltr'>modo.</span> <span class='ocrx_word' id='word_1_146' title='bbox 468 2578 504 2631; x_wconf 91' lang='lat' dir='ltr'>Et</span> <span class='ocrx_word' id='word_1_147' title='bbox 512 2575 582 2650; x_wconf 86' lang='lat' dir='ltr'>quia</span> <span class='ocrx_word' id='word_1_148' title='bbox 593 2575 702 2650; x_wconf 86' lang='lat' dir='ltr'>legerat</span> <span class='ocrx_word' id='word_1_149' title='bbox 714 2575 825 2652; x_wconf 88' lang='lat' dir='ltr'>aliquas</span> <span class='ocrx_word' id='word_1_150' title='bbox 834 2578 905 2635; x_wconf 82' lang='lat' dir='ltr'>Tul--</span> 
     </span>
     <span class='ocr_line' id='line_1_25' title="bbox 146 2661 900 2741; baseline 0.008 -24"><span class='ocrx_word' id='word_1_151' title='bbox 146 2661 232 2726; x_wconf 84' lang='lat' dir='ltr'>lianas</span> <span class='ocrx_word' id='word_1_152' title='bbox 247 2666 406 2735; x_wconf 86' lang='lat' dir='ltr'>orationes,</span> <span class='ocrx_word' id='word_1_153' title='bbox 419 2676 449 2721; x_wconf 88' lang='lat' dir='ltr'>et</span> <span class='ocrx_word' id='word_1_154' title='bbox 460 2665 653 2741; x_wconf 86' lang='lat' dir='ltr'>paucissimos</span> <span class='ocrx_word' id='word_1_155' title='bbox 667 2667 782 2722; x_wconf 84' lang='lat' dir='ltr'>Senecae</span> <span class='ocrx_word' id='word_1_156' title='bbox 796 2665 900 2738; x_wconf 89' lang='lat' dir='ltr'>libros,</span> 
     </span>
     <span class='ocr_line' id='line_1_26' title="bbox 150 2754 902 2835; baseline 0.007 -25"><span class='ocrx_word' id='word_1_157' title='bbox 150 2766 176 2811; x_wconf 87' lang='lat' dir='ltr'>et</span> <span class='ocrx_word' id='word_1_158' title='bbox 185 2758 323 2816; x_wconf 88' lang='lat' dir='ltr'>nonnulla</span> <span class='ocrx_word' id='word_1_159' title='bbox 339 2768 492 2835; x_wconf 87' lang='lat' dir='ltr'>poetarum</span> <span class='ocrx_word' id='word_1_160' title='bbox 502 2799 511 2826; x_wconf 94' lang='lat'>,</span> <span class='ocrx_word' id='word_1_161' title='bbox 523 2766 552 2811; x_wconf 89' lang='lat' dir='ltr'>et</span> <span class='ocrx_word' id='word_1_162' title='bbox 565 2774 624 2816; x_wconf 89' lang='lat' dir='ltr'>suae</span> <span class='ocrx_word' id='word_1_163' title='bbox 638 2766 722 2811; x_wconf 89' lang='lat' dir='ltr'>sectae</span> <span class='ocrx_word' id='word_1_164' title='bbox 737 2754 760 2811; x_wconf 89' lang='lat' dir='ltr'>si</span> <span class='ocrx_word' id='word_1_165' title='bbox 777 2774 835 2832; x_wconf 90' lang='lat' dir='ltr'>qua</span> <span class='ocrx_word' id='word_1_166' title='bbox 848 2775 902 2815; x_wconf 91' lang='lat' dir='ltr'>vo-</span> 
     </span>
     <span class='ocr_line' id='line_1_27' title="bbox 150 2842 903 2923; baseline 0.007 -23"><span class='ocrx_word' id='word_1_167' title='bbox 150 2842 254 2906; x_wconf 89' lang='lat' dir='ltr'>lumina</span> <span class='ocrx_word' id='word_1_168' title='bbox 263 2847 350 2905; x_wconf 88' lang='lat' dir='ltr'>latine</span> <span class='ocrx_word' id='word_1_169' title='bbox 361 2858 449 2922; x_wconf 89' lang='lat' dir='ltr'>atque</span> <span class='ocrx_word' id='word_1_170' title='bbox 462 2844 621 2923; x_wconf 89' lang='lat' dir='ltr'>composite</span> <span class='ocrx_word' id='word_1_171' title='bbox 633 2844 796 2923; x_wconf 87' lang='lat' dir='ltr'>conscripta</span> <span class='ocrx_word' id='word_1_172' title='bbox 805 2859 903 2917; x_wconf 86' lang='lat' dir='ltr'>erant,</span> 
     </span>
     <span class='ocr_line' id='line_1_28' title="bbox 154 2934 905 3013; baseline 0 -18"><span class='ocrx_word' id='word_1_173' title='bbox 154 2945 180 2988; x_wconf 88' lang='lat' dir='ltr'>et</span> <span class='ocrx_word' id='word_1_174' title='bbox 191 2939 258 3013; x_wconf 86' lang='lat' dir='ltr'>quia</span> <span class='ocrx_word' id='word_1_175' title='bbox 272 2935 372 3004; x_wconf 87' lang='lat' dir='ltr'>aderat</span> <span class='ocrx_word' id='word_1_176' title='bbox 382 2935 553 3010; x_wconf 90' lang='lat' dir='ltr'>quotidiana</span> <span class='ocrx_word' id='word_1_177' title='bbox 565 2934 777 2992; x_wconf 88' lang='lat' dir='ltr'>sermocinandi</span> <span class='ocrx_word' id='word_1_178' title='bbox 792 2937 905 2994; x_wconf 87' lang='lat' dir='ltr'>exerci-</span> 
     </span>
     <span class='ocr_line' id='line_1_29' title="bbox 154 3019 906 3100; baseline 0.001 -21"><span class='ocrx_word' id='word_1_179' title='bbox 154 3026 233 3096; x_wconf 81' lang='lat' dir='ltr'>tati03</span> <span class='ocrx_word' id='word_1_180' title='bbox 252 3024 320 3083; x_wconf 90' lang='lat' dir='ltr'>inde</span> <span class='ocrx_word' id='word_1_181' title='bbox 341 3019 519 3100; x_wconf 87' lang='lat' dir='ltr'>suppetebat</span> <span class='ocrx_word' id='word_1_182' title='bbox 536 3021 696 3098; x_wconf 87' lang='lat' dir='ltr'>eloquium,</span> <span class='ocrx_word' id='word_1_183' title='bbox 714 3023 794 3100; x_wconf 92' lang='lat' dir='ltr'>quod</span> <span class='ocrx_word' id='word_1_184' title='bbox 817 3022 906 3082; x_wconf 89' lang='lat' dir='ltr'>fiebat</span> 
     </span>
     <span class='ocr_line' id='line_1_30' title="bbox 156 3110 907 3192; baseline 0.003 -24"><span class='ocrx_word' id='word_1_185' title='bbox 156 3115 297 3192; x_wconf 86' lang='lat' dir='ltr'>acceptius</span> <span class='ocrx_word' id='word_1_186' title='bbox 320 3113 471 3190; x_wconf 84' lang='lat' dir='ltr'>magisque</span> <span class='ocrx_word' id='word_1_187' title='bbox 489 3110 687 3169; x_wconf 90' lang='lat' dir='ltr'>seductorium</span> <span class='ocrx_word' id='word_1_188' title='bbox 710 3111 907 3170; x_wconf 89' lang='lat' dir='ltr'>moderamine</span> 
     </span>
     <span class='ocr_line' id='line_1_31' title="bbox 157 3191 908 3281; baseline 0.007 -25"><span class='ocrx_word' id='word_1_189' title='bbox 157 3199 271 3281; x_wconf 82' lang='lat' dir='ltr'>ingenii,</span> <span class='ocrx_word' id='word_1_190' title='bbox 281 3217 311 3263; x_wconf 88' lang='lat' dir='ltr'>et</span> <span class='ocrx_word' id='word_1_191' title='bbox 325 3197 452 3281; x_wconf 83' lang='lat' dir='ltr'>quodam</span> <span class='ocrx_word' id='word_1_192' title='bbox 464 3191 563 3280; x_wconf 71' lang='lat' dir='ltr'>lepore</span> <span class='ocrx_word' id='word_1_193' title='bbox 576 3202 713 3260; x_wconf 89' lang='lat' dir='ltr'>naturali.</span> <span class='ocrx_word' id='word_1_194' title='bbox 726 3207 808 3260; x_wconf 90' lang='lat' dir='ltr'>Itane</span> <span class='ocrx_word' id='word_1_195' title='bbox 820 3214 863 3261; x_wconf 89' lang='lat' dir='ltr'>est</span> <span class='ocrx_word' id='word_1_196' title='bbox 875 3214 908 3261; x_wconf 92' lang='lat' dir='ltr'>ut</span> 
     </span>
    </p>
   </div>
   <div class='ocr_carea' id='block_1_3' title="bbox 771 3309 798 3354">
    <p class='ocr_par' dir='ltr' id='par_1_4' title="bbox 771 3309 798 3354">
     <span class='ocr_line' id='line_1_32' title="bbox 771 3309 798 3354; baseline 0 0"><span class='ocrx_word' id='word_1_197' title='bbox 771 3309 798 3354; x_wconf 90' lang='lat' dir='ltr'>ll</span> 
     </span>
    </p>
   </div>
   <div class='ocr_carea' id='block_1_4' title="bbox 0 0 1205 4020">
    <p class='ocr_par' dir='ltr' id='par_1_5' title="bbox 0 0 1205 4020">
     <span class='ocr_line' id='line_1_33' title="bbox 0 0 1205 4020; baseline 0 0"><span class='ocrx_word' id='word_1_198' title='bbox 0 0 1205 4020; x_wconf 95' lang='lat' dir='ltr'> </span> 
     </span>
    </p>
   </div>
  </div>
 </body>
</html>
