2356 4018
306 407 560 465 coniminum
576 409 672 464 uttan
690 415 757 464 vm.
859 417 910 465 ²15

145 511 461 573 moniisalamantibos
476 534 483 569 ε
498 517 543 572 ltu
560 527 612 573 ost.
630 515 801 594 ’Iliumphat
818 518 912 576 vietor

145 606 319 682 imperator,
335 615 365 660 et
377 603 578 676 non'violsset,
594 605 648 664 uisi
666 606 868 684 pugnavissetq
884 622 913 666 et

146 702 261 773 quanto
281 693 377 770 majus
391 695 558 772 paniculum
577 696 632 754 fnit
653 697 684 756 in
703 698 814 774 praelio,
831 711 912 758 tanto

146 798 195 844 est
210 783 350 864 gaudium
368 782 460 861 majus
472 781 504 842 in
520 785 680 863 triumpho.
693 791 787 845 lactat
804 799 913 867 tempe-

146 869 210 934 stas
222 873 399 951 navigantes,
410 874 595 953 minaturque
604 876 802 955 naufragium
813 897 914 938 omnes

148 965 254 1022 intutu
269 974 364 1020 morte
383 963 567 1040 pallescunt:
583 964 788 1042 tranquillatur
808 967 913 1024 coelum

147 1066 183 1112 et
192 1071 283 1123 maro,
293 1065 325 1110 vet
335 1053 481 1120 exsultant
492 1052 590 1126 ulmis,
603 1056 740 1131 quoniam
754 1055 914 1115 timuerunt

147 1143 247 1202 nimis.
259 1139 346 1222 iligen
358 1143 529 1216 ostensius,
544 1156 658 1204 etvetus
674 1145 736 1223 ejas
748 1148 855 1206 malum
871 1167 915 1205 re·

148 1233 280 1306 nuntiat;
292 1251 392 1292 omnes
405 1233 458 1312 qui
469 1255 536 1293 eum
551 1237 663 1296 salvum
678 1239 811 1314 cupiunt,
822 1255 914 1317 agno

150 1340 218 1386 tant
234 1327 318 1384 simul
336 1327 450 1385 animo:
464 1328 497 1384 fit
510 1328 537 1385 ei
553 1341 642 1400 recte,
659 1341 689 1386 et
699 1330 833 1388 ‘nondum
852 1349 915 1388 am-

150 1417 239 1475 bulat·
252 1418 382 1494 palatinis·
395 1417 522 1489 annau
533 1430 563 1477 et
577 1419 610 1476 fit
622 1418 682 1496 jam
695 1421 752 1477 tale
766 1420 920 1498 gaudiumr

153 1508 242 1584 quale
257 1527 316 1565 non
330 1507 387 1566 luit
396 1518 463 1566 oum
474 1519 559 1566 antea
573 1511 670 1568 salvus
681 1522 711 1567 et
722 1509 804 1568 sortis
815 1510 915 1568 ambu-

156 1599 239 1656 laret.
265 1603 380 1676 Easque
405 1599 482 1674 ipsas
507 1601 671 1676 voluptates
695 1601 828 1657 humanae
849 1601 915 1658 vitae

128 1748 130 1752 ,
159 1691 244 1746 etiam
263 1708 322 1746 non
340 1689 497 1765 inopinatis
515 1702 545 1748 et
562 1684 669 1766 praetor
684 1691 862 1746 voluntatem
879 1692 917 1747 ir-

159 1779 322 1849 ruentibus,
332 1779 383 1837 sed
397 1779 536 1839 institutis
550 1791 579 1836 et
592 1778 764 1836 voluntariis
778 1779 919 1837 molestiis

158 1869 290 1928 homiues
301 1869 467 1945 acquirunt.
477 1867 591 1927 Edendi
604 1880 634 1926 et
645 1866 767 1926 bibendi
782 1869 917 1946 voluptas

105 1965 111 1972 ”
159 1959 239 2017 nulla
264 1971 315 2029 est,
338 1959 393 2016 nisi
415 1960 563 2036 praeoedat
584 1957 730 2018 esuriendi
752 1971 781 2016 et
802 1958 917 2016 sitiendi

160 2050 300 2110 molestia.
316 2053 351 2108 Et
369 2048 478 2108 duriosi
495 2048 629 2127 quaednm
646 2048 814 2108 salsiuscula
835 2067 916 2106 com-

161 2139 260 2212 edunt,
273 2158 332 2216 quo
342 2139 398 2196 ilat
408 2140 548 2200 molestus
562 2138 659 2209 ardor,
676 2155 762 2214 quem
778 2125 917 2198 dum'ax-

157 2231 281 2308 stinguit
292 2230 414 2308 potatio,
429 2231 462 2286 fit
476 2229 640 2290 delectatio.
653 2234 690 2288 Et
699 2229 863 2288 institutum
875 2242 918 2288 est

162 2334 195 2380 ut
204 2320 265 2398 jam
280 2333 373 2399 paotae
387 2340 499 2398 sponsae
516 2341 575 2380 non
589 2320 740 2381 tradantur
757 2323 869 2391 statim,
881 2340 918 2377 ne

162 2411 251 2468 uilem
264 2410 370 2470 habeat
382 2411 505 2470 maritus
519 2411 629 2484 datam,
645 2422 732 2487 quam
748 2431 806 2470 uon
819 2412 918 2487 suspi-

163 2501 272 2560 raverit
285 2519 421 2579 sponsus.
426 2501 554 2560 dilatam.
756 2513 759 2517 '

205 2591 233 2650 8.
247 2597 311 2650 Hoc
324 2592 355 2651 iu
369 2592 448 2668 tuupi
460 2603 491 2650 et
500 2590 677 2650 exsecranda
691 2589 802 2658 lautitia3
815 2590 873 2645 hoc
889 2590 919 2646 in
948 2611 950 2616 ·

167 2701 278 2759 eaquae
290 2702 426 2742 concessa
434 2695 469 2740 ‚et
482 2681 562 2741 licita
570 2688 628 2750 est;
641 2680 698 2736 hoc
709 2678 738 2733 in
750 2677 813 2753 ipsa
826 2677 920 2734 since-

167 2773 279 2834 noina
293 2773 444 2833 honestate
457 2770 590 2830 anlatuae
600 2768 676 2826 :'hoo
690 2767 721 2826 i!
733 2786 769 2824 eo
782 2767 833 2843 qui
846 2785 922 2826 mot·-

160 2871 234 2922 tuus
248 2876 321 2934 enat,
337 2875 366 2922 et
383 2863 502 2935 ratitum
520 2860 654 2937 perierat,
671 2871 702 2915 et
715 2858 848 2916 inventus
866 2870 919 2916 ost.

167 2953 286 3034 Ubique
306 2951 400 3030 majus
413 2951 555 3030 »gaudium
572 2949 704 3009 molestia
721 2946 921 3027 majonipnae-

169 3045 291 3103 ceditur.
301 3043 379 3119 Quid
392 3055 435 3101 est
445 3042 511 3113 hoc,
521 3041 645 3100 Domine
658 3045 737 3098 Deus
750 3059 841 3109 meus,
854 3057 920 3095 cum

171 3149 202 3194 tu
214 3149 355 3196 aeternum
365 3132 417 3192 tihi
429 3145 460 3191 tu
471 3134 534 3212 ipse
545 3133 582 3192 sis
593 3127 739 3212 gaudium,
750 3143 778 3187 et
789 3128 920 3206 quaedam
