2356 4018
289 457 338 502 225
470 453 495 500 S.
514 449 695 501 nucusmr
712 449 855 503 EPISUOH

288 550 374 609 bilius
394 561 440 608 me
460 563 661 628 comparatum
684 551 724 610 eis
745 551 872 610 oderam.
895 555 1039 627 Quoniam

286 641 371 698 multi
383 640 440 698 mei
452 640 520 698 anni
528 655 643 704 mecum
654 641 920 712 effluxersut‚'forte
930 642 1040 702 duode·

286 730 436 801 simeoni,
449 749 487 789 ex
499 751 561 809 quo
571 731 608 789 ab
624 732 843 809 undevigesimo
856 749 932 791 enno
947 734 1040 793 emtis

286 837 369 892 mere,
380 822 455 879 lecto
468 822 616 880 Ciceronis
629 823 950 895 Hortensio‚excitutus
959 842 1042 883 eram

260 931 264 938 *
285 909 382 968 studio
392 910 548 988 sapientise
556 923 585 969 et
593 911 766 971 differebam
775 922 942 991 contempta
950 912 1041 972 felici·

287 1011 345 1057 tute
359 1011 473 1059 terrens
489 1001 527 1059 sd
537 1021 602 1060 eam
613 1001 843 1081 investigandum
850 1015 974 1074 rueme,
985 1018 1040 1060 cun

283 1087 332 1164 jus
351 1107 411 1148 non
429 1091 576 1164 inventio,
595 1090 647 1150 sed
666 1092 714 1149 rei
731 1092 796 1150 solu
811 1090 960 1168 inquisitio
976 1089 1039 1166 jam

281 1183 481 1259 preponenda
500 1195 562 1241 erat
573 1183 663 1242 mam
680 1183 806 1242 inuentis
826 1181 968 1240 thesauris
985 1200 1039 1244 re·

286 1270 406 1346 gnisque
425 1272 572 1348 gentium,
586 1283 616 1329 et
633 1270 671 1329 ad
693 1283 797 1329 netum
811 1270 1041 1329 circumfluenti-

286 1358 342 1418 bus
360 1362 491 1437 corporis
515 1359 725 1438 voluptatibus.
743 1365 783 1419 At
799 1379 854 1438 ego
871 1360 1040 1419 adolescens

263 1499 267 1506 .
287 1451 382 1522 miser,
393 1451 482 1508 valde
489 1451 585 1522 miser,
593 1449 624 1508 in
636 1448 758 1508 exordio
766 1445 858 1529 ipsius
870 1449 1040 1508 adolescen-

288 1541 334 1596 tiae
348 1541 435 1598 etiarn
444 1540 584 1618 petieram
596 1551 652 1599 arte
662 1539 834 1612 castitatem,
845 1550 875 1596 et
887 1538 1017 1596 dixeram
1030 1560 1038 1596 ε

287 1634 332 1687 Da
353 1629 426 1688 mihi
448 1631 606 1688 castitatem
625 1640 655 1687 et
672 1627 895 1700 continentiam,
913 1628 965 1686 sed
978 1628 1039 1686 noli

287 1717 385 1778 modo.
397 1717 546 1778 Timebam
557 1719 633 1778 enim
647 1737 686 1776 ne
696 1737 743 1776 me
756 1718 814 1776 cito
826 1716 995 1787 exaudires,
1009 1728 1039 1774 et

285 1807 345 1865 nito
367 1825 482 1866 sanares
508 1807 652 1878 amorbo
674 1806 925 1884 concupiscentiae,
948 1819 1037 1881 quam

286 1896 430 1956 malebam
457 1897 568 1973 expleri
597 1912 685 1974 quern
710 1895 862 1974 exstingui.
887 1899 924 1954 Et
947 1894 1037 1954 mam

285 2003 340 2061 per
364 1987 427 2044 vias
451 2004 556 2061 pravas
577 1984 782 2064 superstitione
805 1983 960 2059 sacrilega,
979 2001 1038 2040 non

286 2072 405 2151 quidem
434 2085 530 2131 certus
553 2074 588 2133 iu
609 2091 658 2144 ea,
681 2071 733 2132 sed
759 2073 841 2150 quasi
863 2089 1037 2150 preponens

286 2181 350 2222 eam
367 2163 478 2220 caeteris
493 2158 521 2230 *,
543 2179 610 2238 quas
628 2181 688 2221 non
712 2163 761 2238 pie
786 2159 967 2239 querebam,
984 2160 1037 2220 sed

283 2250 401 2312 inimice
416 2249 632 2328 oppugnabam.

329 2338 376 2397 18.
392 2341 429 2396 Et
444 2349 614 2416 putaveram
632 2357 679 2396 me
694 2351 850 2416 propterea
867 2338 985 2396 differre
1000 2338 1037 2396 de
1073 2363 1077 2374 ·

286 2427 333 2486 die
342 2428 374 2485 in
384 2418 461 2486 diem
478 2440 644 2505 contempta
656 2433 707 2505 spe
718 2427 826 2498 sarculi,
846 2427 980 2486 tesolum
995 2445 1038 2486 ss·

286 2516 351 2594 qui,
362 2517 431 2593 quia
446 2537 505 2578 uun
526 2518 598 2577 mibi
617 2514 777 2594 apparebat
796 2527 908 2574 eertum
926 2514 1037 2592 aliquid

285 2624 344 2682 quo
361 2605 515 2685 dirigerem
535 2627 653 2666 cursum
673 2625 781 2664 meum.
794 2608 831 2662 Et
843 2614 962 2662 venerat
976 2602 1037 2660 dies

284 2713 344 2770 quo
357 2695 485 2754 nudarer
499 2696 588 2768 mibi,
604 2707 634 2754 et
649 2695 815 2772 increparet
826 2692 856 2751 in
868 2711 914 2751 me
928 2691 1038 2750 consci-

286 2784 363 2842 entia
377 2803 441 2842 mee
454 2805 460 2840 :
475 2783 534 2842 Ubi
547 2783 612 2842 est*
626 2783 742 2860 lingua?
753 2789 862 2858 Nempe
872 2792 909 2839 tu
921 2778 1036 2840 dicebas
1113 2785 1119 2798 ’

286 2885 408 2950 propter
420 2875 563 2931 incertum
578 2892 679 2931 verum
697 2871 775 2930 belle
792 2883 821 2928 te
834 2869 962 2946 abjicere
975 2887 1037 2928 ser-

286 2963 382 3022 cinum
393 2962 537 3021 vanitatis.
553 2967 628 3020 Ecce
635 2961 698 3039 jem
715 2972 828 3020 certum
838 2973 934 3031 est‚.et
946 2960 996 3019 iila
1009 2970 1036 3016 te

286 3052 382 3110 adbuc
396 3053 515 3129 premit,
530 3051 717 3129 humerisque
730 3048 918 3110 liberioribus
930 3065 1037 3125 pennas

286 3141 443 3217 recipiunt,
453 3141 504 3217 qui
515 3161 610 3218 neque
620 3141 662 3202 its
674 3139 849 3218 iuqrrireudo
857 3139 949 3202 auriti
957 3147 1036 3207 suut,
