2356 4018
282 450 331 496 228
462 449 487 497 S.
505 447 684 496 AUGUSTINI
702 449 847 500 Ermcom

282 565 337 616 noe,
348 547 434 616 oculi,
441 547 536 618 ledor,
548 546 651 604 modus
664 549 754 620 vocis,
765 568 853 626 quam
865 547 955 605 verba
966 567 1032 626 quta

282 637 461 715 premebam.
479 639 619 698 Hortulus
631 639 749 715 quidam
769 638 1033 716 erat'hospitiino-

282 726 350 797 stri,
364 744 423 803 quo
438 734 496 784 nos
504 725 659 784 utebamur
674 728 749 785 sieut
769 741 831 786 tota
841 727 928 785 dorne
943 748 950 784 ε
965 747 1033 786 nam

283 815 390 893 hospes
401 814 443 873 ibi
454 835 514 874 noa
527 814 678 874 habitabat
690 816 825 875 dominus
837 817 954 874 dumus«
959 817 1034 875 Illuc

284 923 330 962 me
345 903 503 962 abstulerat
519 906 658 962 tumultus
669 907 808 982 pectoris,
822 904 874 964 ubi
885 910 970 963 nemo
981 905 1035 962 im-

284 993 398 1071 pediret
413 992 563 1052 ardentem
587 995 667 1069 litem
685 1013 773 1072 quam
786 999 903 1052 'mecum
920 1001 1035 1071 aggres-

284 1104 332 1150 sus
346 1103 434 1156 eram,
443 1084 541 1144 ‘donee
555 1085 648 1143 exiret
661 1105 719 1162 qua
731 1097 763 1144 tu
774 1085 901 1156 sciebas3
916 1104 969 1162 ego
982 1105 1035 1144 au-

285 1187 343 1235 tem
353 1194 412 1232 non
420 1174 452 1231 *z
468 1174 524 1232 sed'
533 1187 644 1232 unnim
657 1173 837 1234 insaniebam
848 1177 862 1200 *
871 1173 1034 1245 salubriter,

284 1276 314 1323 et
327 1263 472 1322 moriebar
484 1265 622 1335 vitaliter,
634 1282 741 1340 gnarus
754 1262 825 1341 quid
844 1264 912 1322 mali
926 1282 1034 1334 essem,

285 1367 314 1414 et
323 1354 443 1430 ignarus
457 1353 529 1430 quid
543 1353 613 1412 boni
624 1366 691 1432 post
701 1354 853 1431 paululum
864 1353 979 1412 futurus
990 1373 1036 1412 es-

284 1462 354 1502 sem.
364 1439 509 1503 'Abscessi
526 1463 596 1522 ergo
608 1446 640 1503 in
652 1444 787 1516 horam,
801 1457 830 1502 et
842 1445 965 1522 Alypius
983 1464 1036 1522 pe-

284 1532 401 1610 depost
420 1532 526 1610 pedem
537 1532 560 1589 *.
575 1538 678 1611 Neque
690 1534 768 1592 enim
776 1545 924 1594 ,secretim
938 1553 1036 1592 meum

284 1642 344 1682 non
364 1634 440 1696 erat,
453 1622 505 1680 ubi
525 1624 574 1682 ille
594 1622 714 1682 aderat:
729 1637 781 1682 aut
797 1623 915 1702 quande
928 1643 975 1682 me
994 1627 1035 1682 sic

284 1711 421 1770 allectum
438 1712 603 1774 desereret?
618 1713 762 1787 sedimus,
776 1727 917 1791 quantum
938 1716 1038 1793 potui-

286 1823 351 1864 mus
368 1807 471 1864 remoti
491 1805 529 1864 ab
547 1806 666 1865 aedibus.
680 1810 741 1883 Ego
755 1803 912 1864 fremebam
932 1806 1036 1882 spiritu

284 1891 436 1969 indignans
453 1893 701 1954 'turbulentissima
719 1893 931 1970 indignatione,
956 1893 1037 1972 quod

210 1987 212 1990 '
285 2000 345 2041 nou
357 1982 431 2043 irem
445 1984 476 2045 in
490 1975 629 2063 placitum
650 1990 813 2061 et'pactum
827 1996 937 2055 tecum,
957 1986 1038 2056 Deus

285 2091 382 2144 meus,
403 2074 435 2130 in
454 2075 534 2150 quad
553 2063 682 2132 eundum
703 2091 764 2132 esse
781 2064 879 2131 omnia
896 2066 1045 2134 ossa'mea‘
1080 2135 1085 2144 ,

287 2160 465 2232 clamabant,
480 2175 509 2219 et
521 2164 552 2220 in
567 2164 671 2221 coelum
684 2161 824 2220 tollebant
837 2161 973 2220 laudibus
988 2182 996 2219 ε
1009 2175 1039 2220 et

286 2251 434 2308 nonilluc
454 2250 552 2310 ibatur
573 2253 712 2323 navibus,
727 2263 782 2310 'aut
802 2245 966 2328 quadrigis,
987 2264 1040 2309 aut

286 2337 427 2414 pedibus,
439 2353 581 2416 quantum
595 2341 697 2399 saltem
713 2340 750 2399 de
764 2340 895 2399 domuin
909 2359 975 2398 eum
989 2340 1036 2397 lo-

286 2445 354 2484 cum
372 2427 479 2500 ieram,
497 2420 549 2488 ubi
568 2430 749 2489 sedebamus.
769 2435 843 2488 Nam
863 2431 1039 2488 non-solum

285 2511 344 2583 ire,
364 2533 467 2574 verum
490 2517 576 2574 edarn
598 2517 753 2595 pervenire
775 2517 861 2588 illuc,
878 2517 950 2576 nibil
975 2531 1039 2604 erat

283 2602 364 2660 aliud
382 2624 469 2681 quam
482 2605 557 2666 velle
579 2608 639 2679 ire,
652 2607 703 2666 sed
720 2607 796 2665 velle
813 2607 926 2666 brtiter
944 2620 973 2665 et
992 2609 1038 2666 in-

286 2703 377 2768 tegre3
391 2714 452 2752 nou
462 2696 659 2754 semisauciam
676 2697 732 2754 hac
745 2708 833 2773 atque
851 2695 907 2754 hae
922 2715 1042 2755 versare,

286 2795 315 2838 et
332 2780 442 2857 jactare
468 2787 616 2844 voluntate
651 2826 659 2855 ,
682 2783 765 2862 paite
782 2796 948 2862 assurgente
965 2805 1038 2844 'cum

285 2871 436 2948 alia-parte
449 2871 634 2934 'cadenteluc
685 2887 742 2932 tem
755 2873 779 2931 *.
985 2875 988 2880 '

325 2957 374 3018 20.
387 2963 592 3040 Deniqueztam
604 2965 701 3022 ‘multa
714 2963 856 3022 faciebam
869 2983 993 3042 corpore
1006 2965 1037 3022 in

284 3049 355 3127 ipsis
376 3053 716 3125 cunctationis'aestibus‚
729 3073 795 3130 qua
816 3054 1039 3133 aliquandoavo-

285 3138 350 3198 lunt
362 3140 494 3201 homines
501 3183 511 3214 ,
525 3155 555 3201 et
567 3163 627 3202 non
635 3143 754 3216 edent,
769 3144 856 3203 siant
868 3144 932 3224 ipsa
942 3161 1038 3202 mem-
