2356 4018
263 439 312 486 264
449 435 474 484 S.
493 433 677 484 susustmt
696 431 839 482 Ertscort

261 546 361 610 gentes
379 553 431 592 nos
443 533 608 593 ardentiore
624 531 732 589 affectu
750 531 779 588 in
795 529 922 609 idipsum
927 573 937 601 ,
952 553 1024 612 per-

261 624 473 684 ambulavimus
497 625 640 704 gradatim
664 636 767 682 cuncta
792 625 971 702 corporalia,
994 643 1023 687 et

260 716 356 793 ipsum
369 717 487 790 coelum,
500 715 578 782 unde
597 714 639 796 sol
658 727 688 799 et
700 715 769 772 luna
782 725 811 771 et
823 714 911 772 stellae
923 715 1022 777 lucent

259 825 347 884 super
360 818 476 865 terram.
490 811 526 864 Et
537 786 637 865 adhue
654 799 880 864 ascendebamus
898 805 1021 866 interius·

260 894 432 972 cogitando,
449 900 478 955 e't
502 892 654 974 loquendo
668 894 697 966 *,
718 905 748 952 et
767 891 905 968 ¹mirando
929 914 1020 973 opera

260 997 365 1056 tua;·et
378 987 511 1046 venimus
524 987 555 1046 in
569 998 678 1044 mentes
692 996 813 1057 nostrae,
829 996 857 1042 et
875 997 1024 1046 transceu-

259 1073 354 1134 dimus
372 1095 434 1147 eas,
449 1089 482 1136 ut
501 1077 706 1154 attingeremus
719 1075 865 1152 regionem
879 1074 1019 1138 ubertatis

258 1165 463 1239 indeficientis,
478 1166 530 1226 ubi
542 1167 637 1246 pascis
650 1165 739 1226 Israel
756 1165 787 1222 in
805 1176 945 1250 aeteruum
964 1187 1017 1226 ve-

260 1255 352 1316 ritatis
373 1256 499 1335 pabulo,
522 1270 551 1317 et
570 1256 622 1316 uhi
643 1257 703 1316 vita
722 1256 863 1335 sapientia
882 1269 946 1328 est,
965 1277 1019 1336 per

260 1364 348 1422 quam
365 1348 436 1406 liunt
449 1349 546 1407 omnia
564 1349 632 1418 ista,
646 1360 675 1406 et
689 1367 753 1424 quae
766 1348 897 1418 fuerunt,
912 1359 941 1405 et
954 1365 1018 1424 quae

260 1436 358 1494 futura
371 1450 453 1509 sunt;
468 1451 497 1498 et
512 1438 576 1516 ipsa
592 1457 651 1494 non
664 1437 711 1508 fit,
725 1436 776 1496 sed
789 1437 831 1496 sic
843 1450 886 1496 est
903 1450 935 1496 ut
947 1437 1017 1508 fuit,

259 1527 342 1586 etsie
361 1528 416 1587 erit
426 1547 556 1608 semper3
569 1521 640 1608 quin
655 1528 752 1606 potius
773 1527 877 1599 fuisse,
889 1539 918 1585 et
935 1527 1019 1587 futu-

260 1633 325 1674 rum
346 1636 484 1678 essenon
502 1631 546 1681 est
563 1618 594 1678 in
603 1637 654 1689 ea,
668 1617 720 1676 sed
734 1635 797 1676 esse
816 1617 923 1688 solum,
944 1636 1017 1694 quo-

259 1708 337 1768 niam
358 1722 465 1768 aeterna
486 1722 550 1768 est:
571 1727 638 1766 nam
656 1707 743 1766 misse
756 1719 785 1764 et
796 1707 926 1766 intutum
939 1727 1016 1780 esse,

259 1818 318 1857 non
329 1813 373 1860 est
385 1811 533 1860 aeternum.
545 1803 581 1858 Et
592 1796 663 1858 dum
675 1798 823 1876 loquimur
834 1811 864 1858 et
873 1799 1017 1860 inhiamus

259 1889 314 1960 illi,
333 1891 479 1968 attigimus
495 1909 559 1949 eam
578 1889 692 1950 modice
713 1901 774 1948 toto
788 1891 849 1950 ictu
863 1889 976 1962 cordis3
989 1903 1018 1950 et

258 1981 468 2058 suspiravimus
484 1981 497 2008 *
511 1993 540 2040 et
553 1980 723 2057 reliquimus
739 1978 781 2038 ibi
799 1980 934 2058 religatas
950 1983 1014 2060 pri-

258 2070 353 2128 mitias
375 2071 513 2148 spiritus,
536 2083 566 2128 et
588 2069 782 2128 remeavimus
799 2069 837 2128 ad
862 2072 1015 2156 strepitum

258 2161 317 2217 oris
331 2161 435 2231 nostri,
454 2159 506 2218 ubi
519 2159 642 2220 verbum
662 2172 691 2220 et
709 2160 848 2238 incipitur
866 2173 896 2220 et
909 2162 1015 2222 linitur.

258 2253 294 2306 Et
309 2250 380 2327 quid
395 2251 488 2310 simile
500 2251 597 2311 Verbo
612 2265 663 2310 tuo
675 2251 804 2328 Domino
815 2260 927 2322 nostro,
942 2253 1015 2312 inse
1062 2279 1064 2286 ’

259 2331 438 2416 permanenti
467 2342 528 2402 sine
558 2353 720 2413 vetustate,
745 2354 834 2420 atque
866 2343 1015 2406 innovanti

258 2429 355 2488 omnia
372 2431 403 2486 ¹?

297 2518 345 2577 25.
358 2519 537 2580 ,Dicebamus
556 2541 625 2600 ergo
646 2543 652 2580 :
670 2524 699 2584 si
714 2524 760 2582 cui
777 2525 859 2584 sileat
875 2527 1015 2600 tumultus

256 2611 363 2683 carnis,
376 2611 480 2672 sileant
491 2612 651 2691 phantasiae
670 2625 755 2687 terrae
772 2627 803 2673 et
822 2633 965 2691 aquarum
985 2629 1014 2674 et

257 2704 346 2774 aeris,
359 2703 462 2774 sileant
474 2716 504 2762 et
521 2705 598 2782 poli,
610 2716 639 2763 et
655 2704 718 2784 ipsa
734 2703 789 2764 sibi
806 2706 901 2764 anima
917 2705 1013 2778 sileat,

257 2806 286 2848 et
304 2807 431 2854 transeat
449 2814 480 2854 se
493 2815 550 2854 non
563 2815 600 2854 se
612 2795 779 2874 cogitando,
790 2794 894 2854 sileant
904 2797 1015 2856 somnia

256 2895 286 2940 et
310 2884 486 2961 imaginaria
511 2887 721 2959 revelationes,
744 2887 836 2946 omnis
864 2887 962 2966 lingua
986 2900 1015 2948 et

256 2990 341 3030 omne
355 2975 478 3051 signum,
490 2990 519 3036 et
532 2977 675 3056 quidquid
690 2977 865 3040 naseundo
876 2978 918 3051 lit,
931 2977 954 3038 si
966 2979 1014 3036 eui

292 3172 300 3194 ¹
314 3164 370 3228 Sap.
384 3179 432 3223 vu,
444 3133 488 3214 27..
