2356 4018
332 387 581 440 cunimundus
600 387 693 439 mlta
711 390 778 439 Vlll.
882 396 930 444 235

178 489 342 548 Dinitdsne
353 490 425 546 nos?
438 499 496 546 eta
515 489 731 547 murnentoisto
749 507 807 548 non
825 493 931 552 enimus

177 592 274 637 meum
284 579 361 636 ultra
373 578 404 636 in
415 568 573 636 aternum?
582 588 612 635 et
622 597 639 635 a
652 591 797 638 momento
807 581 865 639 isto
873 601 932 642 non

176 664 930 748 nbilieebnboeetittndutnninaetemnntntqnae
1006 669 1010 680 “

176 752 551 835 suggerebantineoquod
564 753 641 827 dixi,
654 757 929 836 llocetilludiquae

175 844 382 924 suggerebant,
405 849 485 904 Deus
505 846 607 902 meus?
634 847 755 903 Avertat
775 846 814 905 ab
834 849 930 907 anima

175 934 251 993 serti
264 935 306 992 tui
320 929 518 994 misericordia
531 938 595 993 tnal
610 937 690 1010 Quas
705 935 805 995 sordes
823 953 929 1017 sugge-

174 1021 377 1100 rebanthuae
393 1021 551 1083 dedecorat
573 1028 610 1082 Et
627 1023 780 1083 audiebam
804 1045 853 1085 eas
867 1027 928 1104 jam

174 1113 260 1191 longe
271 1113 367 1174 minus
381 1131 470 1191 (snam
488 1113 641 1186 dimidius,
661 1132 720 1175 noa
736 1127 874 1193 tanquam
891 1117 928 1175 li-

173 1200 246 1260 bere
260 1201 490 1262 contradicentes
503 1202 600 1262 eundo
614 1203 644 1261 in
659 1203 787 1277 obviarn,
802 1207 853 1264 sed
870 1209 928 1265 vel—

173 1292 217 1349 uti
232 1311 250 1350 a
264 1292 353 1350 dorso
364 1293 562 1364 mussitantes,
583 1305 613 1350 et
630 1292 828 1353 discedentem
844 1299 927 1373 quasi

172 1381 272 1441 lurum
284 1382 467 1454 vellicantes,
483 1393 516 1439 ut
529 1381 714 1459 respicerem⁸
729 1385 928 1443 Retardabant

173 1483 268 1530 tannen
284 1484 469 1530 cunctantem
478 1491 526 1530 me
540 1470 676 1549 abripere
689 1484 777 1549 atque
790 1486 927 1533 excutere

173 1559 211 1619 ab
225 1561 266 1620 eis
286 1574 315 1620 et
335 1561 480 1620 transilire
494 1579 555 1638 quo
573 1561 715 1633 vocabar,
730 1583 796 1621 cum
817 1565 927 1623 diceret
968 1553 972 1562 ’

172 1649 244 1706 mihi
262 1647 588 1708 eonsuetudowiolenta
603 1671 610 1705 z
627 1653 751 1708 Putasne
775 1652 836 1709 sine
864 1655 925 1710 istis

171 1738 297 1812 poteris?

211 1823 257 1882 27.
275 1827 331 1884 Sed
340 1826 401 1903 jam
413 1826 590 1904 tepidissime
601 1826 658 1883 hoc
670 1824 795 1883 dicebat.
808 1830 924 1904 Aperie-

171 1914 258 1974 batur
269 1915 344 1974 enim
356 1895 439 1973 ab'da
448 1928 532 1994 parte
542 1934 601 1991 qua
612 1913 793 1973 intenderam
805 1916 923 1990 faciem,

171 2017 200 2063 et
208 2025 268 2083 quo
280 2004 401 2064 transire
411 2001 605 2081 trepidabam,
616 2014 696 2062 casta
704 2003 826 2081 dignitas
834 2007 924 2064 eonn-

170 2097 287 2170 uentiae,
295 2085 401 2156 sereni
413 2107 443 2154 et
455 2113 515 2154 non
527 2094 665 2154 dissolute
678 2093 791 2165 hilaris,
802 2093 921 2156 honeste

167 2183 323 2244 blandiens
336 2197 368 2244 ut
384 2183 513 2244 venirem
526 2203 621 2260 neque
634 2182 817 2256 dubitarem,
832 2196 862 2242 et
874 2205 922 2242 ex-

168 2275 289 2350 tendens
299 2274 338 2334 ad
354 2293 401 2334 me
414 2273 633 2352 suscipiendum
647 2286 676 2334 et
687 2272 921 2352 amplectendum

169 2363 231 2440 pias
255 2363 357 2424 manus
377 2362 478 2440 plenas
498 2361 634 2442 gregibus
658 2362 806 2424 bonorum
822 2382 922 2444 exenn-

164 2457 293 2532 plorum.
307 2454 362 2528 ¹Ibi
378 2465 422 2512 tot
436 2455 521 2532 pueri
536 2467 566 2516 et
584 2454 702 2533 puellam
717 2453 760 2514 ibi
781 2455 920 2530 juventus

168 2546 260 2606 multa
274 2556 304 2602 et
316 2543 410 2602 amab
422 2556 507 2616 aetas,
522 2557 552 2604 et
566 2563 671 2622 graves
688 2543 799 2616 vidum,
815 2557 846 2600 et
859 2545 920 2603 vir·

166 2633 247 2710 gines
258 2653 331 2694 anus
347 2655 353 2690 :
368 2646 399 2692 et
410 2633 442 2694 in
452 2633 586 2694 omnibus
599 2633 663 2710 ipsa
678 2631 921 2702 conductitiam·

167 2742 313 2800 qumquam
324 2722 443 2794 sterilia5
463 2720 514 2782 sed
536 2719 667 2780 secunda*
681 2731 774 2780 mater
792 2718 919 2778 filiorum

120 2800 124 2810 ¹
166 2811 340 2889 gaudiorum
351 2811 387 2874 de
403 2809 508 2872 marito
523 2822 565 2882 te,
584 2808 718 2868 Domine.
732 2810 770 2866 Et
779 2805 921 2868 irridebat

167 2919 213 2960 me
227 2900 360 2960 irrisione
373 2897 549 2972 hortatoria,
564 2897 646 2976 quasi
663 2897 791 2958 diceret:
809 2900 851 2956 Tu
861 2915 919 2956 non

166 2990 276 3066 poteris
295 2989 375 3066 quod
390 2989 447 3062 isti,
466 2988 545 3066 quod
558 2989 619 3046 istae
630 2988 662 3044 *i
676 2993 721 3046 An
736 3007 808 3046 vero
825 2988 872 3045 isti
889 2999 919 3044 et

167 3080 228 3139 istae
242 3082 272 3138 in
286 3079 443 3157 semetipsis
457 3092 577 3157 possunt
585 3123 594 3154 ,
609 3099 642 3138 ac
656 3077 734 3137 non*
749 3079 779 3137 in
792 3077 917 3137 Domino
