2316 4020
266 415 316 460 120
441 413 476 458 ·S.
495 409 676 458 Aucusrtru
695 409 837 464 Ertscort

261 511 368 568 siderio
386 522 542 574 venustum
554 507 758 588 exspectabam
772 509 861 570 istum
871 513 1042 574 Faustum.-

261 600 454 665 Gaeterienim
470 621 575 660 comm
582 600 812 676 ,iu-qucslcrte
823 600 1023 674 incurrissem,

260 691 313 766 qui
323 690 549 750 reliumrerum
565 687 811 768 ,quaestiotdlruse
831 705 882 748 me
890 689 1024 766 objectis

247 779 435 838 deficiebam
446 823 455 852 ‚
466 781 562 838 ,illum
579 779 656 841 mihi
680 778 909 856 promittebant,
934 779 1022 856 cujus

259 871 386 930 adventu
407 871 581 948 collatoque
609 870 756 946 colloquio
784 869 920 938 facillime
945 870 1019 930 mihi

258 961 382 1034 herm-et
396 964 421 1022 si
436 982 495 1040 qua
509 963 585 1022 sorte
595 960 707 1038 majore
718 977 894 1037 quererere,
910 961 1021 1020 enode·

258 1051 366 1110 tissime
377 1052 598 1131 expedirentur.
612 1055 689 1128 Ergo
708 1049 869 1122 uetuerit,
880 1063 1020 1129 expertus
1033 1086 1036 1093 .

257 1160 322 1200 sum
337 1142 490 1204 hominem.
501 1154 615 1220 gratum
632 1153 661 1208 et
676 1139 840 1217 juctmdum
857 1139 970 1212 verbis,
988 1155 1020 1198 et

258 1250 293 1289 ea
310 1233 374 1310 ipsa
395 1251 460 1310 quae
472 1232 521 1291 ¹illi
535 1233 634 1290 solent
653 1230 764 1302 dicere,
784 1231 880 1288 multo
899 1231 1019 1290 suarius

256 1323 441 1400 garrientem.
459 1321 516 1381 Sed
537 1321 608 1400 quid
628 1321 665 1379 ad
686 1339 779 1378 meam
802 1321 879 1378 sitim
903 1321 1017 1397 pretio-

256 1411 366 1472 siorum
383 1412 564 1489 poculorum.
574 1409 795 1470 decentissimus
811 1409 989 1468 ministrator
1005 1415 1028 1468 θ’

255 1505 320 1566 Jem
331 1501 419 1562 rebus
428 1501 535 1561 talibus
548 1501 658 1560 setietae
669 1514 752 1560 erent
762 1520 847 1560 aures
858 1519 929 1558 meae
942 1521 949 1557 ι
962 1518 1018 1560 nec

256 1590 322 1648 ideo
339 1590 410 1650 mihi
429 1591 550 1650 meliora
561 1589 833 1668 videbantur,.quie
853 1590 955 1648 melius
971 1591 1018 1648 di-

256 1680 410 1754 ecbertum
425 1703 479 1742 nec
489 1682 557 1741 ideo
568 1702 639 1740 vere
654 1682 724 1759 quia
738 1681 846 1740 diserte
859 1703 866 1736 ε
879 1700 933 1738 nec
946 1681 1016 1739 ideo
1030 1719 1032 1722 -

255 1771 369 1851 sapiens
390 1773 499 1846 anime,
511 1774 581 1852 quie
597 1773 695 1831 vultus
712 1791 858 1849 congruus
878 1784 906 1828 et
922 1770 1015 1830 deco-

232 1907 234 1910 .
254 1883 320 1921 rum
334 1865 493 1942 eloquium.
510 1865 558 1923 Illi
578 1877 677 1924 autem
697 1863 747 1942 qui
764 1882 830 1921 eum
850 1861 922 1922 mihi
943 1881 1016 1939 pro-

254 1952 421 2025 mittebant,
431 1973 490 2012 non
499 1953 570 2012 boni
585 1973 683 2012 rerum
695 1952 906 2012 existimatores
917 1965 1016 2022 ereum

253 2055 282 2098 et
295 2043 365 2100 ideo'
378 2044 435 2102 illis
448 2043 604 2102 videbatur
613 2044 746 2122 prudens
763 2055 793 2101 et
804 2038 933 2120 sapiens,
945 2043 1017 2120 quia

253 2131 418 2193 delectabat
427 2151 477 2191 eos
489 2134 618 2210 loquens.¹
629 2133 710 2192 Sensi
724 2145 820 2192 autem
834 2131 913 2190 aliud
923 2151 1022 2209 genus·

252 2221 402 2285 hominum
423 2223 511 2282 etiem
527 2224 680 2282 veritatem
704 2223 813 2283 habere
835 2235 1013 2300 suspectam,

250 2321 280 2366 et
295 2310 323 2368 ei
342 2312 420 2370 nolle
440 2313 626 2388 acquiescere
643 2313 801 2391 sicompto
821 2324 909 2396 atque
927 2311 1025 2371 uberi.

250 2419 382 2458 sermone
398 2414 591 2477 promeretur.
601 2407 650 2460 Me
665 2415 763 2462 autem
775 2402 1015 2479 jamfdocuerem

249 2493 329 2546 Deus
348 2508 440 2560 meus,
460 2490 541 2548 miris
558 2501 587 2548 et
611 2492 733 2550 occultis
756 2493 863 2562 modis;
884 2503 912 2548 et
937 2511 1011 2568 pro-

249 2589 350 2654 pterea
366 2577 466 2636 credo
479 2578 558 2656 quod
579 2590 611 2636 tu
633 2599 680 2637 me
699 2579 851 2650 docueris,
873 2581 1011 2656 quoniam

247 2685 350 2727 verum
364 2680 422 2741 est,
437 2688 491 2726 nec
512 2668 665 2748 quisquam
680 2682 793 2750 praeter
821 2682 848 2727 te
871 2671 944 2728 alius
966 2685 1011 2730 est

248 2758 352 2816 doctor
372 2761 453 2832 veri,
471 2759 651 2838 ubicumque
674 2772 703 2818 et
722 2761 928 2837 undecumque
948 2763 1037 2842 clay>=

248 2849 347 2906 ruerit.
358 2853 427 2912 ,Jam
444 2869 513 2927 ergo
532 2850 584 2908 abs
600 2862 627 2907 te
640 2848 814 2923 didiceram,
830 2869 883 2908 nec
900 2871 935 2908 eo
955 2847 1033 2922 de-ejs

245 2937 317 3020 bere
326 2937 421 2999 videri
433 2939 544 3018 aliquid
555 2960 656 2998 verum
673 2939 747 3012 dici,
759 2941 829 3019 quia
838 2929 1013 3018 eloquenter

244 3026 366 3098 dicitur3
379 3048 432 3087 nec
447 3049 482 3086 eo
494 3030 613 3102 falsum,
623 3029 692 3107 quia
703 3030 894 3108 incomposite
904 3046 1011 3090 sonant

243 3118 324 3196 signa
338 3118 483 3178 labiorum
501 3141 507 3177 :
524 3121 640 3194 murus,
655 3139 709 3179 nec
723 3120 790 3179 ideo
802 3141 920 3194 verunt,
937 3123 1022 3199 quie·
