2352 4094
297 467 547 519 counnssrouuu
565 468 661 517 nmen
678 445 725 518 iu.
813 509 815 516 Α
838 471 889 522 373

130 571 226 630 adhuc
242 569 314 648 quid
328 569 365 628 sit
377 582 508 648 tempus;
520 582 549 628 et
560 589 661 644 rursus
676 570 816 629 confiteor
828 568 892 644 tibi,

130 661 271 731 Domine,
294 660 368 718 scire
381 660 434 716 ine
453 659 483 716 in
503 670 634 736 tempore
652 659 707 717 ista
725 658 892 738 dicere,'et

129 751 182 810 diu
195 771 241 810 me
252 748 313 827 jam
325 749 408 825 loqui
420 748 456 805 de
469 760 615 826 tempore,
629 761 717 827 atque
727 749 824 827 ipsum
838 749 890 808 diu

127 860 187 899 non
202 860 263 899 esse
275 838 327 897 diu
339 840 395 896 nisi
409 856 491 896 mora
505 839 653 916 temporis.
665 839 820 914 Quomodo
834 840 890 917 igi-

128 942 177 988 tur
195 930 252 986 hoc
269 929 342 998 scio,
363 925 484 1008 quando
498 927 570 1004 quid
586 928 624 985 sit
640 940 754 1006 tempus
772 929 888 988 nescio?

127 1024 176 1077 An
192 1021 275 1078 -forte
295 1017 392 1076 nescio
417 1017 664 1093 quemadmodum
687 1018 782 1076 dicam
806 1020 887 1096 quod

127 1111 208 1169 scio?
225 1109 278 1166 Hei
288 1109 361 1166 mihi
375 1109 426 1186 qui
435 1108 534 1174 neseio
546 1110 646 1168 saltem
657 1109 729 1186 quid
740 1111 882 1170 nesciam!

58 1201 61 1206 ‘
126 1204 212 1272 Ecce,
228 1205 307 1258 Deus
318 1218 411 1269 meus,
426 1218 524 1259 coram
537 1211 574 1271 te,
588 1199 656 1276 quia
670 1219 728 1257 uon
743 1201 884 1273 mentior3

127 1289 202 1348 sicut
212 1290 333 1366 loquor,
351 1289 390 1346 ita
403 1301 447 1346 est
460 1308 512 1346 cor
523 1309 630 1366 meum,
651 1292 695 1346 Tu
708 1290 886 1354 illuminabis

128 1381 277 1439 lucernam
292 1398 401 1450 meam,
421 1381 545 1438 Domine
557 1383 638 1452 Deus¹
652 1399 751 1452 meus,
772 1381 885 1440 illumi-

127 1468 209 1528 nabis
226 1469 359 1546 tenebras
376 1489 453 1528 meas
465 1480 485 1526 ¹.

366 1592 500 1704 orror
520 1641 642 1706 xxvr.

313 1803 441 1868 Quomodo
463 1813 557 1871 tempus
577 1803 699 1854 metimur.

168 1953 215 2010 33.
238 1951 338 2012 Nonne
361 1953 414 2011 tibi
436 1952 591 2011 confitetur
610 1952 705 2010 anima
725 1972 788 2012 mea
810 1974 883 2011 con-

128 2044 250 2102 fessione
273 2043 402 2102 veridica
426 2043 522 2103 metiri
544 2063 589 2100 me
613 2045 767 2120 tempora?
795 2047 885 2116 Itane,

128 2138 208 2191 Deus
229 2153 328 2204 meus,
355 2133 477 2204 metior,
504 2145 533 2190 et
551 2131 623 2209 quid
644 2132 747 2190 metiar
767 2133 888 2190 nescio?

126 2217 232 2283 Metior
250 2235 362 2281 motum
379 2223 511 2301 corporis
527 2235 678 2300 temporej
703 2223 773 2281 item
789 2223 885 2300 ipsum
929 2291 931 2298 J

128 2327 243 2393 tempus
261 2335 319 2371 non
333 2314 460 2373 metior?
480 2316 525 2372 An
540 2333 611 2372 vero
625 2313 758 2391 corporis
772 2327 885 2372 motum

129 2405 248 2462 metirer
271 2403 413 2481 quamdiu
438 2403 490 2474 sit,
517 2415 546 2460 et
568 2403 710 2480 quamdiu
727 2403 795 2462 hinc
812 2405 883 2462 illuc

121 2481 293 2572 perveniat,
317 2493 373 2549 nisi
389 2504 502 2570 tempus
522 2493 626 2569 inquo
646 2505 781 2550 movetur
795 2493 883 2551 meti-

125 2585 196 2640 rer?
222 2587 322 2659 Ipsum
347 2573 422 2656 ergo
441 2587 556 2656 'tempus
586 2579 663 2637 unde
689 2580 813 2637 metior?
839 2586 884 2636 An

127 2670 258 2749 tempore
274 2671 410 2730 breviore
425 2662 562 2727 metimur
574 2669 702 2748 longius,
724 2671 801 2726 sicut
816 2689 884 2746 spa-

127 2763 169 2820 tio
183 2760 275 2820 cubiti
293 2752 421 2838 spatium
434 2760 572 2816 transtri?
592 2758 638 2824 Sic
654 2757 731 2815 enim
748 2757 883 2817 videmur

126 2850 221 2928 spatio
234 2847 333 2907 brevis
345 2848 464 2926 syllabae
478 2847 574 2914 metiri
587 2845 710 2928 spatium
724 2847 817 2927 longae
828 2851 884 2926 syl-

125 2940 218 3012 labae,
242 2951 328 3016 atque
348 2940 379 2999 id
402 2940 524 3018 duplum
544 2938 650 2998 dicere.
679 2941 724 2996 Itu
741 2940 883 3010 metimur

126 3029 221 3110 spatia
243 3029 405 3088 carminum
429 3027 529 3108 spatiis
554 3045 710 3102 versuum,
738 3041 767 3088 et
791 3031 883 3112 spatia

165 3207 174 3234 ¹
192 3197 330 3258 Psoiuvn,
344 3203 385 3259 25,
