2352 4094
251 449 303 495 434
437 449 463 496 S.
481 445 666 496 AUGUSTINI
682 447 826 496 EPISCOPI

251 546 411 624 Mergimur
430 559 460 604 et
480 545 654 622 emergimus
666 545 704 602 *l
724 550 827 624 Neque
851 546 928 605 enim
949 549 1020 608 loca

251 649 319 695 snnt
333 635 441 714 quibus
459 637 619 714 mergimur
631 649 660 694 et
681 639 865 716 emergimus.
880 639 959 712 Quid
976 641 1020 698 si-

251 729 348 786 milius
365 729 478 805 etquid
493 728 681 788 dissimilius?
694 730 826 788 Affectus
838 743 919 802 sunt,
931 751 1018 790 amo·

251 837 297 875 res
314 809 397 889 sunt3
420 817 603 876 immunditia
624 819 742 896 spiritus
768 821 860 878 nostri
884 821 1020 882 defluens

250 909 370 968 inferius
384 929 483 968 amore
498 929 648 982 curarum,
666 923 696 968 et
705 911 851 970 sanctitas
868 912 910 970 tui
927 917 1020 973 attol—

250 1001 313 1059 lens
327 1021 379 1059 nos
394 1001 528 1078 superius
544 1018 644 1059 amore
657 1001 835 1073 securitatis,
851 1016 885 1060 ut
898 1023 1017 1063 sursum

252 1110 303 1149 eor
319 1089 481 1150 habeamus
497 1090 533 1148 ad
550 1103 591 1163 te,
605 1090 658 1149 ubi
674 1093 800 1169 Spiritus
823 1105 890 1150 tuus
909 1107 1018 1170 super·

252 1185 346 1241 fertur
362 1203 568 1260 superaquam,
587 1197 617 1242 et
631 1185 781 1242 veniamus
798 1184 836 1242 ad
853 1188 1020 1264 superemi—

251 1285 368 1330 nentem
387 1274 534 1354 requiem,
550 1295 616 1332 cum
636 1275 838 1352 pertransierit
851 1276 946 1334 anima
959 1297 1017 1334 no-

252 1378 311 1424 stra
329 1385 419 1442 aquas
433 1385 497 1444 quae
516 1379 583 1425 sunt
601 1367 663 1427 sine
677 1367 838 1426 substantia
851 1379 872 1425 ¹.

501 1533 638 1596 CAPUT
659 1533 751 1597 VIII.

251 1698 413 1754 Intellectuali
431 1707 546 1748 creaturae
565 1696 597 1746 ad
615 1697 709 1746 beatam
730 1675 840 1762 requiem
858 1714 908 1749 non
926 1699 1016 1750 suflicit

464 1778 584 1846 quidquid
595 1781 648 1827 Deo
661 1778 741 1828 mitius
753 1786 797 1828 est.

292 1929 321 1986 9.
335 1927 466 1986 Deduxit
479 1928 612 2006 angelus,
629 1926 752 1985 defluxit
768 1927 862 1984 anima
872 1927 1014 2002 bominis,

253 2033 282 2078 et
297 2020 501 2081 indicaverunt
519 2019 655 2097 abyssum
675 2021 818 2078 universae
834 2021 1015 2098 spiritualis*

253 2123 393 2173 creaturae
408 2112 438 2168 in
453 2111 607 2190 profundo
628 2110 799 2181 tenebroso,
816 2111 872 2170 nisi
892 2111 1016 2171 dixisses

252 2201 289 2260 ab
301 2203 399 2272 initio,
413 2196 559 2275 Florian,
574 2214 605 2262 et
616 2201 693 2260 facta
708 2213 782 2260 esset
795 2202 861 2272 lux,
876 2214 905 2258 et
921 2202 1016 2262 inhae-

251 2306 330 2353 reret
348 2293 402 2351 tibi
419 2294 512 2352 omnis
527 2293 667 2352 obediens
687 2293 874 2370 intelligentia
888 2293 1014 2353 coelestis

250 2385 373 2442 civitatis
388 2397 458 2456 tuae,
474 2398 503 2444 et
514 2383 710 2459 requiesceret
724 2383 754 2442 in
764 2383 873 2460 Spiritu
884 2395 945 2456 tuo,
960 2386 1012 2460 qui

250 2475 432 2550 superfertur
447 2471 724 2532 incommutabiliter
740 2493 829 2550 super
845 2493 929 2531 omne
943 2495 1013 2534 rnu-

251 2565 349 2634 tabile,
363 2565 498 2642 Alioquin
508 2577 539 2622 vet
550 2564 646 2641 ipsum
660 2565 764 2624 coelum
780 2566 844 2624 coeli
859 2564 1015 2628 tenebrosa

250 2659 372 2736 abyssus
384 2669 458 2716 esset
471 2658 501 2717 in
519 2677 565 2728 sc=;
583 2678 661 2715 nunc
679 2671 775 2726 autem
788 2659 839 2716 lux
850 2671 893 2716 est
908 2658 938 2716 in
949 2663 1014 2716 Do-

249 2752 338 2810 mine.
354 2755 426 2808 Nam
444 2763 473 2808 et
491 2750 520 2807 in
540 2750 604 2826 ipsa
618 2750 723 2809 misera
739 2749 939 2826 inquietudine
954 2750 1011 2808 de-

247 2841 399 2900 fluentium
418 2839 574 2917 spirituum
603 2850 632 2896 et
657 2839 847 2899 indicantium
875 2839 1010 2899 tenebras

247 2951 315 2990 suas
334 2918 457 2991 nudatas
478 2942 557 2988 veste
577 2928 693 2987 luminis
717 2929 759 2986 tui
767 2959 779 2999 ‚·
793 2930 862 2988 satis
881 2929 1010 2988 ostendis

247 3043 335 3102 quam
356 3040 498 3106 magnam¹
514 3032 676 3079 creaturam
699 3019 868 3079 rationalem
890 3019 1010 3092 feceris,

225 3229 231 3240 .
285 3191 370 3241 1Psal.
384 3205 472 3250 curui,
488 3195 511 3240 5.
