2352 4094
318 405 569 496 eortrussromm
586 435 680 486 ursan
697 437 758 486 mr.
866 437 917 488 tie

160 538 216 610 tia,
237 548 303 616 post
324 554 450 614 quorum
471 525 625 594 transitum
645 535 741 593 statim
759 534 918 594 existeret*

159 628 240 706 quod
251 628 366 706 jussum
385 639 428 686 est
445 638 478 685 ut
496 627 655 706 existeret:
671 638 701 684 et
715 625 739 684 si
755 626 826 704 quid
845 627 920 684 sorte

160 720 239 779 aliud
265 720 322 778 boc
348 717 436 779 modo
457 737 495 776 ex
519 717 715 776 familiaritate
742 716 838 776 carnis
853 717 923 795 opi·

160 813 328 868 nantur.1n
347 807 455 886 quibus
472 807 568 866 adhuc
585 808 715 886 parvulis
730 806 918 880 animalibus,

162 900 232 958 dum
245 899 302 958 isto
315 899 479 958 humillimo
491 918 597 977 genere
608 897 768 957 verborum
782 909 920 975 tanquam

161 1001 293 1048 materno
310 991 375 1048 sinu
391 1009 492 1049 eornm
513 1000 648 1068 gestatur
657 989 822 1060 infirmita&
840 989 923 1047 salu-¹

161 1078 256 1139 briter
271 1078 431 1139 edificatur
443 1079 532 1151 fides,
546 1097 607 1156 qua,
616 1091 731 1138 certum
744 1076 873 1138 habeant
891 1090 922 1136 et

163 1181 280 1228 teneant
300 1173 400 1234 «Deum
413 1205 417 1216 -
430 1169 539 1234 fecisse
554 1188 656 1227 omnes
672 1180 820 1242 naturas,
848 1187 922 1246 quas

164 1279 266 1319 eorum
286 1280 386 1320 sensus
408 1259 537 1320 mirabili
554 1260 694 1319 varietate
715 1259 921 1339 circumspicit.

163 1355 296 1425 Quorum
314 1352 339 1410 si
359 1350 503 1430 quispiam
518 1352 601 1428 quasi
614 1351 757 1412 vilitatem
775 1351 924 1410 dictorum

165 1455 353 1521 aspernatus,
374 1454 457 1500 extra
485 1439 657 1500 nutritorias
686 1462 775 1502 cunas
796 1440 925 1520 superba

164 1532 365 1598 imbecillitate
383 1553 414 1592 se
435 1532 613 1604 extenderit,
631 1532 708 1590 heu!
730 1531 816 1590 cadet
828 1523 923 1590 miser.

165 1625 215 1692 Et,
228 1619 353 1679 Domine
365 1621 455 1690 Deus,
467 1618 620 1702 miserere,
630 1639 668 1676 ne
678 1617 849 1696 implumem
861 1622 927 1698 pul-

166 1712 227 1768 lum
253 1709 425 1768 conculcent
445 1707 495 1786 tini
515 1720 665 1768 transeunt
684 1709 777 1782 viam3
797 1721 826 1768 et
844 1709 926 1767 mitte

167 1803 300 1881 angelum
320 1813 418 1872 tuum,
437 1800 575 1878 quicum
596 1813 721 1877 reponat
742 1799 773 1858 in
792 1799 878 1873 nido,
892 1812 927 1858 ut

167 1893 247 1954 vivat
268 1892 362 1952 donec
382 1892 472 1952 volet.

394 2049 529 2114 CAPUT
550 2049 704 2118 xxvln.

256 2207 291 2254 Ut
305 2203 371 2256 varie
386 2202 529 2272 intelligitur
544 2203 576 2255 ab
593 2203 694 2256 eruditis
709 2203 840 2286 ¹Scriptura.

209 2353 257 2412 ³8.
273 2354 333 2412 Alii
349 2375 421 2414 vero
434 2354 542 2433 quibus
556 2355 618 2436 lraec
631 2353 723 2414 verba
735 2374 795 2414 non
809 2354 870 2433 jam
883 2355 931 2413 ni-

170 2442 238 2515 dus,
258 2441 310 2501 sed
327 2463 420 2522 opaca
438 2445 546 2504 fruteta
566 2458 650 2517 sunt,
664 2445 766 2504 vident
777 2445 808 2502 in
825 2444 866 2502 eis
883 2443 930 2502 la-

171 2542 264 2588 tentes
281 2531 405 2604 lructus,
414 2533 450 2589 'et
464 2534 587 2591 volitant
600 2535 744 2604 laetantes,
758 2544 788 2590 et
800 2531 932 2608 garriunt

85 2667 90 2678 .
171 2631 350 2694 scrutantes,
366 2633 396 2679 et
411 2634 536 2698 carpunt
554 2643 613 2682 eos.
629 2621 736 2683 Vident
753 2621 845 2693 enim,
864 2640 933 2680 cum

171 2712 234 2770 haec
258 2712 350 2774 verba
375 2715 477 2792 legunt
498 2716 547 2774 vel
574 2714 716 2786 audiunt,
744 2725 812 2786 tua,
838 2716 933 2786 Deus,

171 2814 279 2862 aetema
296 2816 325 2862 et
338 2802 436 2864 stabili
450 2805 654 2883 permansione
669 2815 774 2863 cuncta
784 2804 934 2883 praeterita

173 2904 203 2951 et
221 2893 322 2952 lutura
340 2907 474 2973 tempora
492 2894 641 2973 superari;
658 2915 714 2954 nec
732 2907 830 2953 tamen
841 2894 933 2972 quid-
1021 2891 1024 2897 ’

173 3001 261 3062 quam
271 3003 332 3042 esse
343 2985 511 3063 temporalis
525 2998 677 3058 creature,
687 2986 767 3063 quod
778 2997 809 3045 tu
818 3005 877 3044 non
890 2986 934 3046 le-

174 3073 267 3134 ceris:
282 3074 364 3154 cujus
375 3077 509 3137 voluntas
521 3077 591 3155 quia
601 3076 633 3135 id
646 3077 780 3156 estquod
793 3089 825 3136 tu
830 3098 839 3150 3
852 3077 934 3135 nullo

174 3164 263 3230 modo
277 3179 400 3245 mamm,
411 3169 473 3245 vel,
492 3189 558 3252 quae
573 3181 657 3246 antea
674 3189 734 3230 non
744 3169 869 3246 ,fuisset²
882 3187 935 3231 ex·-
