2316 4020
298 541 549 596 formatorum
566 543 662 594 LIBER
677 546 726 594 W.
846 549 893 598 tas

126 649 296 728 sequendas
312 648 386 705 latas
406 657 435 703 ct
455 644 538 702 tritas
551 644 613 704 vias
629 645 744 718 saeculi,
755 647 895 724 quoniam

128 739 233 798 multae
250 735 440 816 cogitationes
454 746 537 793 erant
551 733 581 790 iu
597 733 687 792 corde
702 735 816 810 nostro3
829 758 896 798 con-

129 829 232 888 silium
253 840 351 886 autem
369 817 453 883 tuum
480 837 577 883 manet
604 825 635 881 in
660 837 799 886 aeternum
815 839 835 887 ².
852 835 896 890 Ex

132 939 193 996 quo
216 917 338 977 consilio
355 914 510 974 deridebas
528 927 642 987 nostra,
659 929 688 973 et
709 928 760 976 tua
780 938 895 998 praepa.

132 1007 237 1080 rubas,
253 1006 339 1066 nobis
357 1005 479 1064 daturus
498 1024 594 1065 escam
612 1005 643 1062 in
662 1009 897 1084 opportunitate,

133 1111 164 1157 et
179 1110 341 1176 ¹aperturus
365 1114 483 1153 manum
506 1109 586 1154 tuam
610 1107 698 1172 atque
723 1098 896 1176 impleturus

134 1187 249 1246 animas
267 1197 380 1246 nostras
399 1181 604 1244 benedictione
617 1194 638 1240 ².

403 1359 538 1420 CAPUT
558 1359 629 1422 XV.
682 1392 687 1412 t

208 1514 238 1560 Iu
250 1510 331 1559 locum
342 1505 486 1564 diooodemis
499 1505 641 1585 concubine
653 1505 700 1556 alia
712 1507 825 1560 succedit

177 1651 228 1710 25
249 1655 365 1726 Interea
387 1661 509 1738 peccata
530 1669 594 1709 mea
615 1650 897 1732 multiplicabantur,

137 1755 168 1802 et
189 1741 291 1800 avulsa
305 1760 322 1798 a
337 1719 428 1798 latere
443 1758 508 1796 meo
534 1751 671 1815 tanquam
691 1740 899 1819 impedimento

136 1831 283 1911 conjugii,
295 1851 362 1890 cum
375 1846 433 1908 qua
447 1828 556 1888 cubare
567 1829 669 1886 solitus
683 1848 776 1900 eram,
789 1849 839 1889 cor
848 1830 900 1890 ubi

137 1920 323 1992 adhaerebat,
338 1921 486 1979 concisum
503 1931 532 1977 et
546 1920 732 1977 vulneratum
745 1919 817 1978 mihi
829 1934 900 1991 erat,

138 2024 168 2072 et
186 2009 322 2070 trahebat
336 2008 515 2088 sanguinem.
528 2013 573 2088 Et,
582 2009 633 2067 illa
645 2009 675 2066 in
687 2009 816 2069 Africam
830 2010 900 2070 red-

137 2101 229 2174 ierat,
248 2090 358 2158 vorens
373 2097 427 2156 tibi
443 2097 532 2156 alium
549 2100 690 2160 sevirum
706 2089 901 2174 nescituram,

138 2191 246 2249 relicto
267 2187 347 2266 apud
366 2207 413 2246 me
433 2187 560 2245 naturali
576 2209 613 2246 ex
631 2190 683 2248 illa
701 2191 763 2249 lilio
777 2211 851 2254 meo.
864 2197 902 2250 At

139 2299 202 2382 ego.
209 2279 312 2340 infelix
325 2298 379 2337 uec
397 2277 538 2336 femiuae'
528 2279 670 2353 rmitator,
686 2280 854 2341 dilationis
846 2303 902 2342 un

139 2369 270 2450 patiens,
297 2379 450 2444 tanquam
460 2378 527 2443 post
552 2366 702 2450 biennium
729 2375 902 2476 accepturus

140 2481 207 2520 eam
225 2479 313 2540 quam
331 2457 483 2537 petebam,
497 2459 566 2535 quia
580 2475 639 2518 uon
651 2474 763 2520 amator
775 2462 903 2540 conjugii

140 2551 195 2610 sed
205 2534 369 2608 libidinis
347 2568 448 2607 servus
462 2567 553 2607 eram·
547 2569 722 2628 ,procuravr
713 2551 830 2623 aliam,
844 2571 902 2609 nou

140 2641 244 2720 utique
265 2639 443 2718 conjugem:
460 2660 520 2718 quo
538 2653 678 2720 tanquam
694 2651 903 2702 sustentaretur

141 2743 172 2791 et
184 2729 398 2809 perduceretur
409 2729 474 2788 vel
465 2742 579 2807 mteger
594 2731 641 2788 vel
657 2731 770 2788 auctior
783 2728 904 2790 morbus

141 2820 246 2879 animae
262 2820 499 2892 meae,sateltitio
513 2818 698 2896 perdurantis
715 2819 903 2880 consuetudi-

142 2911 206 2986 nis,
219 2912 252 2970 in
264 2931 387 2989 regnum
397 2911 544 2971 uxorium.
557 2914 617 2970 Nec
632 2909 789 2971 sanabatur
798 2908 904 2974 vulnus'

142 3001 218 3062 illud
244 3021 342 3060 meum
366 3001 446 3078 quod
467 3001 575 3079 prioris
602 3001 772 3080 praecisione
796 3005 904 3074 factum

143 3094 259 3163 luerut;¹
269 3091 321 3152 sed
340 3103 407 3170 post
420 3092 564 3151 fervorem
581 3087 771 3172 doloremque
796 3095 905 3176 acerri-

183 3265 192 3296 ¹
208 3258 364 3330 bulanu,
378 3255 656 3321 rt.-²1²nt.cxm,
671 3245 769 3320 15,st

766 3347 795 3391 15
