2356 4018
279 393 329 443 att
463 392 492 442 Sa
508 392 690 444 AUOES'MI
705 392 849 444 mmm

549 570 683 632 CAPUT
705 571 765 634 111.

278 735 352 799 Quod
376 738 441 784 Deus
465 742 490 784 et
507 733 595 800 Angeli
616 733 691 800 magis
714 733 817 802 gaudent
840 733 865 783 in
885 746 1036 802 peccatorum

571 829 736 866 conversrone.

319 976 346 1031 6.
356 971 537 1046 Deus'bone,
550 973 621 1051 quid
632 973 728 1050 agitur
741 969 914 1049 in'homiue,'
923 988 957 1033 ut
970 977 1036 1053 plus

281 1065 405 1142 gaudeat
419 1064 456 1122 de
470 1064 563 1122 salute
580 1061 740 1142 desperatae
754 1063 865 1137 animae,
879 1078 908 1123 et
924 1065 960 1124 de
974 1085 1038 1124 ma-

277 1157 342 1232 jore
356 1155 489 1234 periculo
502 1153 641 1224 liberatae
659 1173 747 1232 quarn
761 1156 785 1213 si
799 1175 864 1234 spes
880 1155 906 1213 ei
922 1155 1037 1234 semper

279 1246 419 1315 affuisset,
438 1256 488 1303 aut
505 1243 669 1321 periculum
683 1246 778 1303 minus
792 1246 910 1304 firissetl
922 1247 1037 1305 Etenim

280 1349 311 1392 tu
332 1354 458 1411 quoque,
481 1331 645 1392 misericors
667 1337 761 1408 Pater,
784 1331 850 1413 plus
870 1336 979 1414 gaudes
1000 1336 1037 1394 de

280 1444 340 1482 uno
359 1423 525 1501 poenitente,
541 1423 682 1500 quamde
694 1423 849 1502 nonaginta
865 1443 970 1482 novem
986 1425 1036 1500 ju-

279 1515 340 1587 stis,
362 1513 468 1592 quibus
490 1532 548 1571 uon
569 1525 613 1570 est
632 1531 706 1592 opus
725 1514 900 1592 poenitentia.
922 1514 959 1570 Et
982 1533 1045 1571 nos·

279 1626 346 1664 cum
361 1605 464 1683 magna
475 1601 657 1682 jucunditate
672 1603 815 1678 audimus,
825 1623 889 1662 cum
902 1599 1035 1660 audimus

279 1717 367 1773 quam
381 1693 593 1754 exsultantibus
608 1693 724 1771 Angelis
734 1694 757 1766 *,
771 1693 895 1772 pastoris
908 1691 1037 1750 humeris

280 1799 446 1866 reportetur
460 1785 521 1844 ovis
535 1805 600 1863 quae
615 1795 780 1857 erraverat}
793 1797 823 1844 et
836 1781 976 1842 drachma·
988 1802 1036 1841 re-

279 1881 390 1939 feratur
406 1879 437 1937 iu
453 1879 605 1936 thesauros
619 1889 695 1950 tuos,
708 1875 919 1936 collaetantibus
935 1875 1037 1933 vicinis

280 1971 394 2029 mulieri
413 1989 477 2046 quae
491 1968 602 2026 invenit
617 1989 623 2024 :
639 1980 669 2025 et
686 1968 829 2044 lacrymas
844 1967 954 2024 excutit
965 1981 1037 2044 gau·-

279 2059 359 2118 dium
379 2057 567 2117 solemnitatis
587 2057 691 2116 domus
707 2071 775 2131 tuae,
794 2077 860 2116 cum
879 2057 985 2135 legitur
1008 2051 1038 2114 in

280 2151 368 2208 domo
380 2163 429 2207 tua
439 2149 475 2207 de
488 2147 600 2207 minore
611 2148 671 2206 filio
685 2161 746 2221 tuo,
761 2153 901 2221 Quoniam
913 2156 1037 2204 mortona

278 2253 349 2310 erat,
366 2253 396 2296 et
405 2247 521 2316 reriait3
529 2245 668 2314 perierat,
681 2246 848 2296 reinventus
861 2253 902 2295 est
918 2239 940 2293 ¹.
957 2239 1037 2295 Gau-

280 2329 330 2387 des
348 2329 457 2406 quippe
473 2328 503 2384 iu
523 2327 620 2400 nobis,
637 2340 666 2386 et
684 2329 713 2385 in
729 2329 845 2405 Angelis
867 2329 922 2386 tuis
938 2341 1037 2385 sancta

279 2418 420 2476 charitate
433 2415 547 2476 sanctis.
563 2421 637 2476 Nam
651 2429 683 2475 lu
700 2437 815 2494 semper
828 2417 919 2488 idem,
937 2419 987 2494 qui
1002 2437 1036 2475 ea

279 2527 344 2584 quae
357 2527 416 2565 nou
429 2527 544 2585 semper
556 2527 610 2565 nec
623 2506 725 2565 eodem
741 2507 829 2566 modo
844 2520 919 2580 sunt,
932 2507 1035 2564 eodem

278 2599 367 2656 modo
382 2617 497 2676 semper
509 2599 584 2656 nosti
599 2599 701 2656 omnia.

320 2691 347 2746 7.
366 2683 442 2764 Quid
458 2695 527 2768 ergo
541 2685 684 2766 agitur'in
700 2691 811 2761 anima,
828 2707 894 2747 cum
911 2686 1035 2764 amplius

280 2779 442 2838 delectatur
456 2779 581 2837 inventis
598 2792 648 2837 aut
663 2779 786 2838 redditis
800 2777 887 2836 rebus
901 2797 974 2854 quas
990 2777 1035 2834 di-

279 2868 352 2944 ligit,
364 2887 451 2944 quarn
465 2867 489 2926 si
504 2887 550 2926 eas
562 2887 676 2948 semper
688 2868 854 2927 habuisset?
867 2869 1035 2930 Contestan-

280 2971 328 3016 tur
345 2959 422 3016 euim
439 2971 468 3016 et
484 2972 595 3030 caetera‚
614 2971 642 3018 et
661 2960 745 3038 plena
760 2973 827 3018 sunt
843 2962 939 3019 omnia
959 2959 1036 3018 testi-

316 3136 324 3160 ¹
336 3131 393 3176 Luc.
407 3143 446 3176 xr.
