2352 4094
257 469 309 518 420
439 471 465 520 S.
483 470 665 524 Aucusmu
682 471 849 525 teucotu.

218 553 221 562 ¹
256 583 321 630 crta
334 572 486 630 voluntate
499 571 593 631 fecisti
608 572 705 632 omnia
719 594 725 630 :
741 591 801 632 non
816 572 855 632 dc
870 585 898 631 te
913 571 1024 634 simili-

258 662 388 722 tudinem
404 653 483 722 tuam
498 661 621 721 sormam
638 661 785 740 omnium
798 662 849 744 sed
868 662 905 722 de
923 663 1023 726 nihilo

256 751 518 812 dissimilitudinem
551 753 725 826 informem,
746 773 813 831 quae
840 754 1023 815 formaretur

255 865 310 924 per
323 844 540 904 similitudinem
556 859 651 917 tuam,
666 864 821 912 recurrens
835 846 866 904 in
881 857 1018 906 te'uuum

255 955 310 1014 pro
324 949 413 1016 captu
426 936 575 1009 ordinato,
591 949 732 1015 quantum
748 936 855 1014 cuique
871 955 970 996 rerum
984 938 1020 996 in

256 1047 310 1086 suo
328 1048 434 1106 genere
454 1024 555 1090 datum
572 1041 631 1101 est;
651 1041 681 1086 et
699 1028 802 1088 fierent
819 1027 918 1086 omnia
935 1027 1020 1088 bona

256 1118 359 1190 valde,
380 1119 442 1177 sive
463 1131 600 1178 maneant
622 1119 700 1178 circa
722 1129 769 1191 te,
790 1117 851 1177 sive
871 1117 1020 1198 gradatim

256 1201 406 1268 remotiori
425 1209 560 1268 distantia
578 1229 632 1289 per
651 1222 782 1288 tempora
802 1222 831 1268 et
846 1211 926 1269 locos
939 1201 1019 1288 'pul-

256 1299 341 1358 chras
352 1300 548 1360 variationes*
560 1302 668 1361 faciant
679 1314 730 1361 aut
740 1303 897 1381 patiantur.
908 1301 1018 1362 Vident

255 1392 332 1464 hac,
350 1404 381 1450 et
397 1391 527 1471 gaudent
548 1395 580 1453 in
598 1396 664 1456 luce
680 1395 813 1454 veritatis
832 1407 902 1464 tua,
921 1412 1017 1471 quan-

255 1483 349 1543 tulum
363 1483 413 1541 hic
426 1484 534 1543 valent.

295 1573 344 1632 39.
355 1577 392 1632 Et
401 1573 475 1634 alius
485 1594 587 1634 comm
596 1574 722 1635 intendit
732 1575 761 1633 in
773 1573 805 1633 id
814 1575 895 1648 quod
905 1574 1018 1632 dictum

196 1733 203 1744 ,
253 1677 310 1737 est,
329 1669 364 1722 In
373 1669 521 1742 principio
527 1663 603 1740 secie
612 1665 704 1735 Deus,
717 1673 746 1720 et
764 1659 883 1739 respicit
896 1661 1019 1740 Sapien-

254 1758 324 1816 tiam
342 1755 537 1833 Principium,
554 1752 623 1830 quia
642 1765 672 1812 et
689 1751 820 1829 loquitur
838 1752 901 1833 ipsa
918 1752 1014 1813 uobis.

255 1847 338 1910 Alius
350 1845 452 1906 itidem
466 1844 590 1905 intendit
601 1845 631 1902 in
646 1843 748 1904 eadem
759 1842 865 1915 verba,
884 1856 914 1903 et
932 1845 1017 1924 prin·

255 1937 365 2017 cipium
380 1933 515 2016 intelligit
528 1933 681 1995 exordium
697 1953 798 1992 rerum
815 1934 1017 2008 conditarum

255 2043 285 2089 et
306 2030 347 2089 sic
368 2028 491 2107 accipit,
509 2033 546 2086 In
560 2033 708 2105 principio
725 2024 812 2103 sectr,
833 2045 867 2086 ac
891 2027 915 2085 si
933 2028 1016 2086 dicc-

255 2133 348 2194 retur,
360 2119 458 2178 Primo
471 2118 548 2178 lecit.
563 2123 660 2198 Atque
672 2117 705 2175 in
717 2116 759 2176 eis
772 2118 824 2196 qui
836 2119 1017 2198 intelligunt,

255 2218 290 2271 In
304 2218 464 2288 principio,
482 2210 562 2288 quod
582 2211 613 2271 in
633 2208 778 2289 Sapientia
798 2209 890 2269 fecisti
909 2211 1016 2269 ccclum

255 2314 283 2360 et
294 2314 416 2371 terra1n3
428 2300 500 2358 alius
512 2319 614 2357 eorum
626 2299 723 2376 ipsum
736 2300 840 2358 coelum
853 2312 883 2374 et
894 2312 1016 2370 terram,

256 2391 412 2450 creabilem
443 2388 595 2447 materiam
626 2389 693 2447 cccli
717 2403 748 2450 et
772 2404 856 2450 terrae
885 2392 927 2450 sic
954 2409 1017 2450 esse

256 2480 349 2540 credit
366 2477 599 2558 cognominatam
618 2500 625 2536 :
643 2480 716 2540 alius
733 2480 796 2559 jam
808 2483 946 2542 formatas
957 2483 1019 2541 dis-

255 2575 417 2651 tinctasque
441 2584 559 2630 naturas
590 2593 597 2629 :
626 2571 701 2631 alius
729 2575 817 2632 unain
848 2575 1018 2647 formatam,

254 2664 446 2745 eamdemque
470 2663 653 2744 spiritualem
679 2665 744 2734 cccli
768 2665 905 2738 uomine;
930 2666 1017 2724 aliam

254 2757 409 2818 informem
431 2755 592 2836 corporalis
616 2755 757 2829 materie,
782 2769 866 2815 terrae
888 2756 1015 2817 nomine.

255 2848 313 2924 Qui
338 2862 436 2909 autem
460 2850 627 2928 intelligunt
650 2849 681 2907 in
705 2848 872 2908 nominibus
897 2849 964 2908 c'oeli
987 2862 1017 2908 et

255 2953 354 3011 terrae,
369 2941 466 3000 adhuc
480 2941 636 3000 informem
649 2940 816 3011 materiem,
831 2938 868 2998 de
882 2959 942 3018 qua
955 2939 1017 2998 lor-

254 3046 385 3093 maretur
396 3033 502 3092 coelum
517 3044 546 3092 ct
565 3043 656 3104 terra,
670 3051 724 3100 nec
739 3031 795 3109 ipsi
809 3049 869 3090 uno
882 3027 973 3092 modo
986 3031 1018 3090 id

254 3123 441 3202 intelligunt:
457 3122 508 3192 sed
528 3121 602 3180 alius
618 3121 696 3181 unde
709 3133 963 3183 consummaretur
974 3123 1017 3179 in-

254 3211 412 3290 telligibilis
424 3211 626 3292 sensibilisque
643 3225 792 3284 creatura3
809 3211 883 3272 alius
900 3223 1013 3272 tantum
