<?xml version="1.0" encoding="UTF-8"?>
<!DOCTYPE html PUBLIC "-//W3C//DTD XHTML 1.0 Transitional//EN"
    "http://www.w3.org/TR/xhtml1/DTD/xhtml1-transitional.dtd">
<html xmlns="http://www.w3.org/1999/xhtml" xml:lang="en" lang="en">
 <head>
  <title>
</title>
<meta http-equiv="Content-Type" content="text/html;charset=utf-8" />
  <meta name='ocr-system' content='tesseract 3.04.00' />
  <meta name='ocr-capabilities' content='ocr_page ocr_carea ocr_par ocr_line ocrx_word'/>
</head>
<body>
  <div class='ocr_page' id='page_1' title='image "./confessionumlib00maugoog_0183.png"; bbox 0 0 2356 4018; ppageno 0'>
   <div class='ocr_carea' id='block_1_1' title="bbox 305 485 899 543">
    <p class='ocr_par' dir='ltr' id='par_1_1' title="bbox 305 485 899 543">
     <span class='ocr_line' id='line_1_1' title="bbox 305 485 899 543; baseline 0.015 -9"><span class='ocrx_word' id='word_1_1' title='bbox 305 485 557 541; x_wconf 67' lang='lat' dir='ltr'><strong>comestorum</strong></span> <span class='ocrx_word' id='word_1_2' title='bbox 575 489 669 538; x_wconf 77' lang='lat' dir='ltr'>LIBER</span> <span class='ocrx_word' id='word_1_3' title='bbox 687 491 743 539; x_wconf 86' lang='lat' dir='ltr'><strong>vn.</strong></span> <span class='ocrx_word' id='word_1_4' title='bbox 854 493 899 543; x_wconf 87' lang='lat' dir='ltr'><strong>ttt</strong></span> 
     </span>
    </p>
   </div>
   <div class='ocr_carea' id='block_1_2' title="bbox 115 585 966 2192">
    <p class='ocr_par' dir='ltr' id='par_1_2' title="bbox 115 585 966 2192">
     <span class='ocr_line' id='line_1_2' title="bbox 115 585 966 668; baseline 0.011 -23"><span class='ocrx_word' id='word_1_5' title='bbox 115 605 240 666; x_wconf 86' lang='lat' dir='ltr'><strong>agere,</strong></span> <span class='ocrx_word' id='word_1_6' title='bbox 262 585 322 643; x_wconf 88' lang='lat' dir='ltr'><strong>hoc</strong></span> <span class='ocrx_word' id='word_1_7' title='bbox 343 586 442 662; x_wconf 81' lang='lat' dir='ltr'><strong>potius</strong></span> <span class='ocrx_word' id='word_1_8' title='bbox 464 599 562 664; x_wconf 84' lang='lat' dir='ltr'><strong>ageret</strong></span> <span class='ocrx_word' id='word_1_9' title='bbox 580 590 776 668; x_wconf 85' lang='lat' dir='ltr'><strong>omnipotens,</strong></span> <span class='ocrx_word' id='word_1_10' title='bbox 798 605 832 650; x_wconf 90' lang='lat' dir='ltr'><strong>ut</strong></span> <span class='ocrx_word' id='word_1_11' title='bbox 852 594 904 654; x_wconf 91' lang='lat' dir='ltr'><strong>illa</strong></span> <span class='ocrx_word' id='word_1_12' title='bbox 961 635 966 642; x_wconf 94' lang='lat'>-</span> 
     </span>
     <span class='ocr_line' id='line_1_3' title="bbox 115 677 902 762; baseline 0.011 -26"><span class='ocrx_word' id='word_1_13' title='bbox 115 699 189 738; x_wconf 92' lang='lat' dir='ltr'><strong>non</strong></span> <span class='ocrx_word' id='word_1_14' title='bbox 207 688 305 747; x_wconf 83' lang='lat' dir='ltr'><strong>esset,</strong></span> <span class='ocrx_word' id='word_1_15' title='bbox 321 689 407 754; x_wconf 89' lang='lat' dir='ltr'><strong>atque</strong></span> <span class='ocrx_word' id='word_1_16' title='bbox 419 677 482 755; x_wconf 87' lang='lat' dir='ltr'><strong>ipse</strong></span> <span class='ocrx_word' id='word_1_17' title='bbox 498 679 577 762; x_wconf 79' lang='lat' dir='ltr'><strong>solus</strong></span> <span class='ocrx_word' id='word_1_18' title='bbox 590 692 665 738; x_wconf 90' lang='lat' dir='ltr'><strong>esset</strong></span> <span class='ocrx_word' id='word_1_19' title='bbox 679 693 787 756; x_wconf 85' lang='lat' dir='ltr'><strong>totum,</strong></span> <span class='ocrx_word' id='word_1_20' title='bbox 800 704 902 745; x_wconf 86' lang='lat' dir='ltr'><strong>verum</strong></span> 
     </span>
     <span class='ocr_line' id='line_1_4' title="bbox 119 766 902 835; baseline 0.013 -10"><span class='ocrx_word' id='word_1_21' title='bbox 119 781 154 825; x_wconf 88' lang='lat' dir='ltr'><strong>et</strong></span> <span class='ocrx_word' id='word_1_22' title='bbox 179 785 339 826; x_wconf 86' lang='lat' dir='ltr'><strong>summum</strong></span> <span class='ocrx_word' id='word_1_23' title='bbox 361 779 390 823; x_wconf 90' lang='lat' dir='ltr'><strong>et</strong></span> <span class='ocrx_word' id='word_1_24' title='bbox 408 766 553 828; x_wconf 87' lang='lat' dir='ltr'><strong>infinitum</strong></span> <span class='ocrx_word' id='word_1_25' title='bbox 576 768 697 827; x_wconf 87' lang='lat' dir='ltr'><strong>bonum.</strong></span> <span class='ocrx_word' id='word_1_26' title='bbox 719 775 780 830; x_wconf 80' lang='lat' dir='ltr'><strong>Aut</strong></span> <span class='ocrx_word' id='word_1_27' title='bbox 799 775 824 833; x_wconf 83' lang='lat' dir='ltr'><strong>si</strong></span> <span class='ocrx_word' id='word_1_28' title='bbox 843 795 902 835; x_wconf 90' lang='lat' dir='ltr'><strong>non</strong></span> 
     </span>
     <span class='ocr_line' id='line_1_5' title="bbox 123 854 902 934; baseline 0.012 -19"><span class='ocrx_word' id='word_1_29' title='bbox 123 869 202 916; x_wconf 88' lang='lat' dir='ltr'><strong>erat</strong></span> <span class='ocrx_word' id='word_1_30' title='bbox 218 854 297 913; x_wconf 88' lang='lat' dir='ltr'><strong>bene</strong></span> <span class='ocrx_word' id='word_1_31' title='bbox 310 867 415 913; x_wconf 89' lang='lat' dir='ltr'><strong>utnon</strong></span> <span class='ocrx_word' id='word_1_32' title='bbox 431 856 542 934; x_wconf 86' lang='lat' dir='ltr'><strong>aliquid</strong></span> <span class='ocrx_word' id='word_1_33' title='bbox 558 856 629 916; x_wconf 88' lang='lat' dir='ltr'><strong>boni</strong></span> <span class='ocrx_word' id='word_1_34' title='bbox 643 859 902 924; x_wconf 81' lang='lat' dir='ltr'><strong>etiam&#39;fabricare-</strong></span> 
     </span>
     <span class='ocr_line' id='line_1_6' title="bbox 125 946 902 1024; baseline 0.01 -18"><span class='ocrx_word' id='word_1_35' title='bbox 125 946 224 1018; x_wconf 82' lang='lat' dir='ltr'><strong>tur*,</strong></span> <span class='ocrx_word' id='word_1_36' title='bbox 240 959 272 1005; x_wconf 85' lang='lat' dir='ltr'><strong>et</strong></span> <span class='ocrx_word' id='word_1_37' title='bbox 292 946 431 1005; x_wconf 89' lang='lat' dir='ltr'><strong>conderet</strong></span> <span class='ocrx_word' id='word_1_38' title='bbox 448 947 500 1024; x_wconf 88' lang='lat' dir='ltr'><strong>qui</strong></span> <span class='ocrx_word' id='word_1_39' title='bbox 512 947 607 1008; x_wconf 91' lang='lat' dir='ltr'><strong>bonus</strong></span> <span class='ocrx_word' id='word_1_40' title='bbox 622 963 700 1022; x_wconf 84' lang='lat' dir='ltr'><strong>erat3</strong></span> <span class='ocrx_word' id='word_1_41' title='bbox 721 951 772 1010; x_wconf 92' lang='lat' dir='ltr'><strong>illa</strong></span> <span class='ocrx_word' id='word_1_42' title='bbox 787 953 902 1015; x_wconf 88' lang='lat' dir='ltr'><strong>sublata</strong></span> 
     </span>
     <span class='ocr_line' id='line_1_7' title="bbox 125 1035 901 1116; baseline 0.008 -20"><span class='ocrx_word' id='word_1_43' title='bbox 125 1037 219 1096; x_wconf 87' lang='lat' dir='ltr'><strong>etad</strong></span> <span class='ocrx_word' id='word_1_44' title='bbox 232 1035 360 1094; x_wconf 89' lang='lat' dir='ltr'><strong>nihilum</strong></span> <span class='ocrx_word' id='word_1_45' title='bbox 376 1036 495 1096; x_wconf 87' lang='lat' dir='ltr'><strong>redacta</strong></span> <span class='ocrx_word' id='word_1_46' title='bbox 515 1039 637 1096; x_wconf 83' lang='lat' dir='ltr'><strong>materia</strong></span> <span class='ocrx_word' id='word_1_47' title='bbox 653 1059 718 1116; x_wconf 84' lang='lat' dir='ltr'><strong>quae</strong></span> <span class='ocrx_word' id='word_1_48' title='bbox 733 1041 808 1099; x_wconf 86' lang='lat' dir='ltr'><strong>mala</strong></span> <span class='ocrx_word' id='word_1_49' title='bbox 822 1056 901 1116; x_wconf 86' lang='lat' dir='ltr'><strong>erat,</strong></span> 
     </span>
     <span class='ocr_line' id='line_1_8' title="bbox 123 1125 899 1203; baseline 0.006 -17"><span class='ocrx_word' id='word_1_50' title='bbox 123 1127 250 1186; x_wconf 88' lang='lat' dir='ltr'><strong>bonam</strong></span> <span class='ocrx_word' id='word_1_51' title='bbox 275 1127 338 1203; x_wconf 89' lang='lat' dir='ltr'><strong>ipse</strong></span> <span class='ocrx_word' id='word_1_52' title='bbox 360 1125 524 1185; x_wconf 88' lang='lat' dir='ltr'><strong>institueret</strong></span> <span class='ocrx_word' id='word_1_53' title='bbox 551 1127 629 1186; x_wconf 90' lang='lat' dir='ltr'><strong>unde</strong></span> <span class='ocrx_word' id='word_1_54' title='bbox 653 1129 750 1187; x_wconf 91' lang='lat' dir='ltr'><strong>omnia</strong></span> <span class='ocrx_word' id='word_1_55' title='bbox 779 1145 899 1191; x_wconf 87' lang='lat' dir='ltr'><strong>crearet.</strong></span> 
     </span>
     <span class='ocr_line' id='line_1_9' title="bbox 125 1215 901 1301; baseline 0.01 -27"><span class='ocrx_word' id='word_1_56' title='bbox 125 1219 204 1274; x_wconf 82' lang='lat' dir='ltr'><strong>Non</strong></span> <span class='ocrx_word' id='word_1_57' title='bbox 214 1215 294 1280; x_wconf 82' lang='lat' dir='ltr'><strong>enim</strong></span> <span class='ocrx_word' id='word_1_58' title='bbox 306 1228 380 1274; x_wconf 83' lang='lat' dir='ltr'><strong>esset</strong></span> <span class='ocrx_word' id='word_1_59' title='bbox 389 1217 589 1296; x_wconf 86' lang='lat' dir='ltr'><strong>omnipotens,</strong></span> <span class='ocrx_word' id='word_1_60' title='bbox 599 1218 623 1276; x_wconf 88' lang='lat' dir='ltr'><strong>si</strong></span> <span class='ocrx_word' id='word_1_61' title='bbox 634 1219 760 1278; x_wconf 88' lang='lat' dir='ltr'><strong>condere</strong></span> <span class='ocrx_word' id='word_1_62' title='bbox 769 1241 827 1279; x_wconf 88' lang='lat' dir='ltr'><strong>non</strong></span> <span class='ocrx_word' id='word_1_63' title='bbox 834 1241 901 1301; x_wconf 88' lang='lat' dir='ltr'><strong>pos·</strong></span> 
     </span>
     <span class='ocr_line' id='line_1_10' title="bbox 130 1304 901 1386; baseline 0.008 -21"><span class='ocrx_word' id='word_1_64' title='bbox 130 1319 182 1365; x_wconf 87' lang='lat' dir='ltr'><strong>set</strong></span> <span class='ocrx_word' id='word_1_65' title='bbox 197 1305 312 1382; x_wconf 88' lang='lat' dir='ltr'><strong>aliquid</strong></span> <span class='ocrx_word' id='word_1_66' title='bbox 326 1304 412 1378; x_wconf 88' lang='lat' dir='ltr'><strong>boni,</strong></span> <span class='ocrx_word' id='word_1_67' title='bbox 422 1307 480 1364; x_wconf 82' lang='lat' dir='ltr'><strong>nisi</strong></span> <span class='ocrx_word' id='word_1_68' title='bbox 495 1327 543 1378; x_wconf 86' lang='lat' dir='ltr'><strong>ea,</strong></span> <span class='ocrx_word' id='word_1_69' title='bbox 558 1327 645 1384; x_wconf 89' lang='lat' dir='ltr'><strong>quam</strong></span> <span class='ocrx_word' id='word_1_70' title='bbox 657 1308 720 1386; x_wconf 89' lang='lat' dir='ltr'><strong>ipse</strong></span> <span class='ocrx_word' id='word_1_71' title='bbox 733 1331 792 1369; x_wconf 90' lang='lat' dir='ltr'><strong>non</strong></span> <span class='ocrx_word' id='word_1_72' title='bbox 804 1313 901 1371; x_wconf 90' lang='lat' dir='ltr'><strong>condi·</strong></span> 
     </span>
     <span class='ocr_line' id='line_1_11' title="bbox 132 1392 901 1480; baseline 0.01 -27"><span class='ocrx_word' id='word_1_73' title='bbox 132 1395 237 1466; x_wconf 87' lang='lat' dir='ltr'><strong>derat,</strong></span> <span class='ocrx_word' id='word_1_74' title='bbox 251 1392 441 1472; x_wconf 72' lang='lat' dir='ltr'><strong>adjuvaretur</strong></span> <span class='ocrx_word' id='word_1_75' title='bbox 451 1396 581 1453; x_wconf 88' lang='lat' dir='ltr'><strong>materia.</strong></span> <span class='ocrx_word' id='word_1_76' title='bbox 591 1398 671 1456; x_wconf 86' lang='lat' dir='ltr'><strong>Talia</strong></span> <span class='ocrx_word' id='word_1_77' title='bbox 683 1399 836 1459; x_wconf 75' lang='lat' dir='ltr'><strong>volvebam</strong></span> <span class='ocrx_word' id='word_1_78' title='bbox 846 1422 901 1480; x_wconf 84' lang='lat' dir='ltr'><strong>pe·</strong></span> 
     </span>
     <span class='ocr_line' id='line_1_12' title="bbox 131 1484 901 1562; baseline 0.009 -19"><span class='ocrx_word' id='word_1_79' title='bbox 131 1499 224 1544; x_wconf 86' lang='lat' dir='ltr'><strong>ctore</strong></span> <span class='ocrx_word' id='word_1_80' title='bbox 240 1484 362 1556; x_wconf 87' lang='lat' dir='ltr'><strong>misero,</strong></span> <span class='ocrx_word' id='word_1_81' title='bbox 378 1484 560 1562; x_wconf 81' lang='lat' dir='ltr'><strong>ingravidato</strong></span> <span class='ocrx_word' id='word_1_82' title='bbox 579 1488 657 1545; x_wconf 87' lang='lat' dir='ltr'><strong>curis</strong></span> <span class='ocrx_word' id='word_1_83' title='bbox 677 1489 901 1550; x_wconf 85' lang='lat' dir='ltr'><strong>mordacissimis</strong></span> 
     </span>
     <span class='ocr_line' id='line_1_13' title="bbox 132 1563 900 1646; baseline 0.009 -14"><span class='ocrx_word' id='word_1_84' title='bbox 132 1575 176 1633; x_wconf 89' lang='lat' dir='ltr'><strong>de</strong></span> <span class='ocrx_word' id='word_1_85' title='bbox 191 1563 299 1632; x_wconf 84' lang='lat' dir='ltr'><strong>timore</strong></span> <span class='ocrx_word' id='word_1_86' title='bbox 312 1574 430 1646; x_wconf 89' lang='lat' dir='ltr'><strong>mortis,</strong></span> <span class='ocrx_word' id='word_1_87' title='bbox 444 1586 473 1631; x_wconf 92' lang='lat' dir='ltr'><strong>et</strong></span> <span class='ocrx_word' id='word_1_88' title='bbox 483 1593 542 1633; x_wconf 89' lang='lat' dir='ltr'><strong>non</strong></span> <span class='ocrx_word' id='word_1_89' title='bbox 558 1576 677 1634; x_wconf 88' lang='lat' dir='ltr'><strong>inventa</strong></span> <span class='ocrx_word' id='word_1_90' title='bbox 690 1577 829 1636; x_wconf 86' lang='lat' dir='ltr'><strong>veritate:</strong></span> <span class='ocrx_word' id='word_1_91' title='bbox 842 1593 900 1639; x_wconf 87' lang='lat' dir='ltr'><strong>sta-</strong></span> 
     </span>
     <span class='ocr_line' id='line_1_14' title="bbox 131 1661 900 1744; baseline 0.003 -21"><span class='ocrx_word' id='word_1_92' title='bbox 131 1664 242 1723; x_wconf 86' lang='lat' dir='ltr'><strong>biliter</strong></span> <span class='ocrx_word' id='word_1_93' title='bbox 257 1675 352 1722; x_wconf 87' lang='lat' dir='ltr'><strong>tamen</strong></span> <span class='ocrx_word' id='word_1_94' title='bbox 367 1661 496 1744; x_wconf 84' lang='lat' dir='ltr'><strong>haerebat</strong></span> <span class='ocrx_word' id='word_1_95' title='bbox 506 1665 537 1721; x_wconf 91' lang='lat' dir='ltr'><strong>in</strong></span> <span class='ocrx_word' id='word_1_96' title='bbox 551 1666 734 1740; x_wconf 76' lang='lat' dir='ltr'><strong>cordemeo,</strong></span> <span class='ocrx_word' id='word_1_97' title='bbox 749 1666 780 1723; x_wconf 92' lang='lat' dir='ltr'><strong>in</strong></span> <span class='ocrx_word' id='word_1_98' title='bbox 795 1668 900 1726; x_wconf 88' lang='lat' dir='ltr'><strong>catho-</strong></span> 
     </span>
     <span class='ocr_line' id='line_1_15' title="bbox 133 1754 900 1815; baseline 0.004 -3"><span class='ocrx_word' id='word_1_99' title='bbox 133 1755 198 1814; x_wconf 88' lang='lat' dir='ltr'><strong>lica</strong></span> <span class='ocrx_word' id='word_1_100' title='bbox 211 1754 342 1812; x_wconf 83' lang='lat' dir='ltr'><strong>Ecclesia</strong></span> <span class='ocrx_word' id='word_1_101' title='bbox 357 1755 428 1813; x_wconf 89' lang='lat' dir='ltr'><strong>fides</strong></span> <span class='ocrx_word' id='word_1_102' title='bbox 442 1754 549 1813; x_wconf 84' lang='lat' dir='ltr'><strong>Christi</strong></span> <span class='ocrx_word' id='word_1_103' title='bbox 564 1755 607 1812; x_wconf 91' lang='lat' dir='ltr'><strong>tui</strong></span> <span class='ocrx_word' id='word_1_104' title='bbox 621 1755 739 1812; x_wconf 80' lang='lat' dir='ltr'><strong>Domini</strong></span> <span class='ocrx_word' id='word_1_105' title='bbox 755 1768 784 1813; x_wconf 92' lang='lat' dir='ltr'><strong>et</strong></span> <span class='ocrx_word' id='word_1_106' title='bbox 800 1757 900 1815; x_wconf 82' lang='lat' dir='ltr'><strong>Salva-</strong></span> 
     </span>
     <span class='ocr_line' id='line_1_16' title="bbox 139 1843 900 1921; baseline 0.003 -18"><span class='ocrx_word' id='word_1_107' title='bbox 139 1845 216 1920; x_wconf 81' lang='lat' dir='ltr'><strong>toris</strong></span> <span class='ocrx_word' id='word_1_108' title='bbox 229 1845 337 1916; x_wconf 80' lang='lat' dir='ltr'><strong>nostri3</strong></span> <span class='ocrx_word' id='word_1_109' title='bbox 352 1845 382 1902; x_wconf 91' lang='lat' dir='ltr'><strong>in</strong></span> <span class='ocrx_word' id='word_1_110' title='bbox 394 1845 494 1902; x_wconf 84' lang='lat' dir='ltr'><strong>multis</strong></span> <span class='ocrx_word' id='word_1_111' title='bbox 510 1844 630 1921; x_wconf 85' lang='lat' dir='ltr'><strong>quidem</strong></span> <span class='ocrx_word' id='word_1_112' title='bbox 643 1843 739 1903; x_wconf 88' lang='lat' dir='ltr'><strong>adhuc</strong></span> <span class='ocrx_word' id='word_1_113' title='bbox 753 1845 900 1918; x_wconf 81' lang='lat' dir='ltr'><strong>informis,</strong></span> 
     </span>
     <span class='ocr_line' id='line_1_17' title="bbox 139 1927 900 2014; baseline 0 -19"><span class='ocrx_word' id='word_1_114' title='bbox 139 1948 171 1996; x_wconf 89' lang='lat' dir='ltr'><strong>et</strong></span> <span class='ocrx_word' id='word_1_115' title='bbox 186 1948 300 2014; x_wconf 80' lang='lat' dir='ltr'><strong>praeter.</strong></span> <span class='ocrx_word' id='word_1_116' title='bbox 317 1927 461 1994; x_wconf 61' lang='lat' dir='ltr'><strong>doctrinoe&#39;</strong></span> <span class='ocrx_word' id='word_1_117' title='bbox 473 1954 605 1994; x_wconf 90' lang='lat' dir='ltr'><strong>normam</strong></span> <span class='ocrx_word' id='word_1_118' title='bbox 621 1935 768 2010; x_wconf 77' lang='lat' dir='ltr'><strong>fluitans*,</strong></span> <span class='ocrx_word' id='word_1_119' title='bbox 788 1936 839 1994; x_wconf 89' lang='lat' dir='ltr'><strong>sed</strong></span> <span class='ocrx_word' id='word_1_120' title='bbox 854 1949 900 1996; x_wconf 84' lang='lat' dir='ltr'><strong>ta-</strong></span> 
     </span>
     <span class='ocr_line' id='line_1_18' title="bbox 138 2023 900 2101; baseline 0.001 -19"><span class='ocrx_word' id='word_1_121' title='bbox 138 2045 210 2084; x_wconf 89' lang='lat' dir='ltr'><strong>men</strong></span> <span class='ocrx_word' id='word_1_122' title='bbox 224 2043 289 2084; x_wconf 87' lang='lat' dir='ltr'><strong>eam</strong></span> <span class='ocrx_word' id='word_1_123' title='bbox 304 2044 363 2082; x_wconf 89' lang='lat' dir='ltr'><strong>non</strong></span> <span class='ocrx_word' id='word_1_124' title='bbox 376 2023 560 2101; x_wconf 83' lang='lat' dir='ltr'><strong>relinquebat</strong></span> <span class='ocrx_word' id='word_1_125' title='bbox 573 2026 701 2098; x_wconf 87' lang='lat' dir='ltr'><strong>animus,</strong></span> <span class='ocrx_word' id='word_1_126' title='bbox 713 2025 773 2084; x_wconf 92' lang='lat' dir='ltr'><strong>imo</strong></span> <span class='ocrx_word' id='word_1_127' title='bbox 790 2025 820 2084; x_wconf 91' lang='lat' dir='ltr'><strong>in</strong></span> <span class='ocrx_word' id='word_1_128' title='bbox 839 2026 900 2085; x_wconf 89' lang='lat' dir='ltr'><strong>dies</strong></span> 
     </span>
     <span class='ocr_line' id='line_1_19' title="bbox 141 2111 576 2192; baseline 0 -20"><span class='ocrx_word' id='word_1_129' title='bbox 141 2114 232 2190; x_wconf 84' lang='lat' dir='ltr'><strong>magis</strong></span> <span class='ocrx_word' id='word_1_130' title='bbox 247 2113 394 2192; x_wconf 85' lang='lat' dir='ltr'><strong>magisque</strong></span> <span class='ocrx_word' id='word_1_131' title='bbox 407 2111 576 2172; x_wconf 84' lang='lat' dir='ltr'><strong>imbibebat.</strong></span> 
     </span>
    </p>
   </div>
   <div class='ocr_carea' id='block_1_3' title="bbox 268 2279 774 2494">
    <p class='ocr_par' dir='ltr' id='par_1_3' title="bbox 268 2279 774 2494">
     <span class='ocr_line' id='line_1_20' title="bbox 416 2279 734 2343; baseline -0.013 -3"><span class='ocrx_word' id='word_1_132' title='bbox 416 2279 549 2340; x_wconf 81' lang='lat' dir='ltr'>CAPUT</span> <span class='ocrx_word' id='word_1_133' title='bbox 569 2281 627 2343; x_wconf 77' lang='lat' dir='ltr'><strong>vl.</strong></span> <span class='ocrx_word' id='word_1_134' title='bbox 671 2293 676 2298; x_wconf 84' lang='grc'><em>“</em></span> <span class='ocrx_word' id='word_1_135' title='bbox 732 2329 734 2336; x_wconf 85' lang='grc'>.</span> 
     </span>
     <span class='ocr_line' id='line_1_21' title="bbox 268 2424 774 2494; baseline 0.002 -16"><span class='ocrx_word' id='word_1_136' title='bbox 268 2424 495 2492; x_wconf 73' lang='lat' dir='ltr'><strong>Mathematicomm</strong></span> <span class='ocrx_word' id='word_1_137' title='bbox 511 2425 670 2479; x_wconf 81' lang='lat' dir='ltr'><strong>divinationes</strong></span> <span class='ocrx_word' id='word_1_138' title='bbox 687 2427 774 2494; x_wconf 76' lang='lat' dir='ltr'><strong>rejicit.</strong></span> 
     </span>
    </p>
   </div>
   <div class='ocr_carea' id='block_1_4' title="bbox 146 2559 899 3267">
    <p class='ocr_par' dir='ltr' id='par_1_4' title="bbox 146 2559 899 3267">
     <span class='ocr_line' id='line_1_22' title="bbox 184 2559 899 2622; baseline 0.007 -5"><span class='ocrx_word' id='word_1_139' title='bbox 184 2561 211 2617; x_wconf 90' lang='lat'><strong>8.</strong></span> <span class='ocrx_word' id='word_1_140' title='bbox 224 2563 287 2617; x_wconf 86' lang='lat' dir='ltr'><strong>Jam</strong></span> <span class='ocrx_word' id='word_1_141' title='bbox 301 2559 388 2619; x_wconf 76' lang='lat' dir='ltr'><strong>etiam</strong></span> <span class='ocrx_word' id='word_1_142' title='bbox 403 2560 674 2620; x_wconf 87' lang='lat' dir='ltr'><strong>mathematicorum</strong></span> <span class='ocrx_word' id='word_1_143' title='bbox 689 2561 806 2620; x_wconf 78' lang='lat' dir='ltr'><strong>fallaces</strong></span> <span class='ocrx_word' id='word_1_144' title='bbox 819 2561 899 2622; x_wconf 88' lang='lat' dir='ltr'><strong>divi-</strong></span> 
     </span>
     <span class='ocr_line' id='line_1_23' title="bbox 146 2647 899 2727; baseline -0.007 -17"><span class='ocrx_word' id='word_1_145' title='bbox 146 2649 288 2722; x_wconf 78' lang='lat' dir='ltr'><strong>nationes,</strong></span> <span class='ocrx_word' id='word_1_146' title='bbox 299 2661 328 2708; x_wconf 89' lang='lat' dir='ltr'><strong>et</strong></span> <span class='ocrx_word' id='word_1_147' title='bbox 339 2649 429 2727; x_wconf 87' lang='lat' dir='ltr'><strong>impia</strong></span> <span class='ocrx_word' id='word_1_148' title='bbox 440 2650 629 2709; x_wconf 84' lang='lat' dir='ltr'><strong>deliramenta</strong></span> <span class='ocrx_word' id='word_1_149' title='bbox 642 2647 809 2725; x_wconf 85' lang='lat' dir='ltr'><strong>rejeceram.</strong></span> <span class='ocrx_word' id='word_1_150' title='bbox 823 2652 899 2705; x_wconf 87' lang='lat' dir='ltr'><strong>Con·</strong></span> 
     </span>
     <span class='ocr_line' id='line_1_24' title="bbox 149 2735 899 2800; baseline -0.001 -2"><span class='ocrx_word' id='word_1_151' title='bbox 149 2741 279 2799; x_wconf 87' lang='lat' dir='ltr'><strong>fiteantur</strong></span> <span class='ocrx_word' id='word_1_152' title='bbox 297 2740 383 2800; x_wconf 91' lang='lat' dir='ltr'><strong>etiam</strong></span> <span class='ocrx_word' id='word_1_153' title='bbox 404 2739 472 2797; x_wconf 90' lang='lat' dir='ltr'><strong>hinc</strong></span> <span class='ocrx_word' id='word_1_154' title='bbox 488 2738 547 2796; x_wconf 88' lang='lat' dir='ltr'><strong>&#39;tibi</strong></span> <span class='ocrx_word' id='word_1_155' title='bbox 566 2739 602 2797; x_wconf 92' lang='lat' dir='ltr'><strong>de</strong></span> <span class='ocrx_word' id='word_1_156' title='bbox 615 2737 722 2796; x_wconf 91' lang='lat' dir='ltr'><strong>intimis</strong></span> <span class='ocrx_word' id='word_1_157' title='bbox 738 2735 899 2797; x_wconf 88' lang='lat' dir='ltr'><strong>visceribus</strong></span> 
     </span>
     <span class='ocr_line' id='line_1_25' title="bbox 150 2829 899 2899; baseline -0.003 -10"><span class='ocrx_word' id='word_1_158' title='bbox 150 2830 245 2890; x_wconf 86' lang='lat' dir='ltr'><strong>animae</strong></span> <span class='ocrx_word' id='word_1_159' title='bbox 262 2849 332 2888; x_wconf 82' lang='lat' dir='ltr'><strong>meae</strong></span> <span class='ocrx_word' id='word_1_160' title='bbox 353 2829 549 2888; x_wconf 85' lang='lat' dir='ltr'><strong>miserationes</strong></span> <span class='ocrx_word' id='word_1_161' title='bbox 568 2841 641 2899; x_wconf 85' lang='lat' dir='ltr'><strong>tuae,</strong></span> <span class='ocrx_word' id='word_1_162' title='bbox 657 2831 736 2886; x_wconf 89' lang='lat' dir='ltr'><strong>Deus</strong></span> <span class='ocrx_word' id='word_1_163' title='bbox 751 2830 842 2886; x_wconf 77' lang='lat' dir='ltr'><strong>meus.</strong></span> <span class='ocrx_word' id='word_1_164' title='bbox 856 2833 899 2888; x_wconf 88' lang='lat' dir='ltr'><strong>Tu</strong></span> 
     </span>
     <span class='ocr_line' id='line_1_26' title="bbox 150 2917 899 2996; baseline 0 -18"><span class='ocrx_word' id='word_1_165' title='bbox 150 2919 229 2992; x_wconf 79' lang='lat' dir='ltr'><strong>euin,</strong></span> <span class='ocrx_word' id='word_1_166' title='bbox 243 2932 276 2979; x_wconf 88' lang='lat' dir='ltr'><strong>tu</strong></span> <span class='ocrx_word' id='word_1_167' title='bbox 287 2919 405 2978; x_wconf 87' lang='lat' dir='ltr'><strong>omnino</strong></span> <span class='ocrx_word' id='word_1_168' title='bbox 417 2939 500 2977; x_wconf 84' lang='lat' dir='ltr'><strong>:nam</strong></span> <span class='ocrx_word' id='word_1_169' title='bbox 511 2919 576 2996; x_wconf 91' lang='lat' dir='ltr'><strong>quis</strong></span> <span class='ocrx_word' id='word_1_170' title='bbox 588 2917 687 2976; x_wconf 86' lang='lat' dir='ltr'><strong>aliusa</strong></span> <span class='ocrx_word' id='word_1_171' title='bbox 699 2930 791 2976; x_wconf 90' lang='lat' dir='ltr'><strong>morte</strong></span> <span class='ocrx_word' id='word_1_172' title='bbox 805 2919 899 2978; x_wconf 87' lang='lat' dir='ltr'><strong>omnis</strong></span> 
     </span>
     <span class='ocr_line' id='line_1_27' title="bbox 150 3007 897 3084; baseline -0.005 -16"><span class='ocrx_word' id='word_1_173' title='bbox 150 3009 248 3068; x_wconf 84' lang='lat' dir='ltr'><strong>erroris</strong></span> <span class='ocrx_word' id='word_1_174' title='bbox 264 3021 383 3068; x_wconf 89' lang='lat' dir='ltr'><strong>revocat</strong></span> <span class='ocrx_word' id='word_1_175' title='bbox 400 3016 468 3077; x_wconf 80' lang='lat' dir='ltr'><strong>nos,</strong></span> <span class='ocrx_word' id='word_1_176' title='bbox 479 3008 538 3065; x_wconf 88' lang='lat' dir='ltr'><strong>nisi</strong></span> <span class='ocrx_word' id='word_1_177' title='bbox 551 3007 612 3064; x_wconf 87' lang='lat' dir='ltr'><strong>vita</strong></span> <span class='ocrx_word' id='word_1_178' title='bbox 627 3026 691 3084; x_wconf 90' lang='lat' dir='ltr'><strong>quae</strong></span> <span class='ocrx_word' id='word_1_179' title='bbox 705 3007 779 3065; x_wconf 91' lang='lat' dir='ltr'><strong>mori</strong></span> <span class='ocrx_word' id='word_1_180' title='bbox 792 3007 897 3078; x_wconf 85' lang='lat' dir='ltr'><strong>nescit,</strong></span> 
     </span>
     <span class='ocr_line' id='line_1_28' title="bbox 151 3096 898 3180; baseline -0.008 -22"><span class='ocrx_word' id='word_1_181' title='bbox 151 3111 176 3158; x_wconf 86' lang='lat' dir='ltr'><strong>et</strong></span> <span class='ocrx_word' id='word_1_182' title='bbox 187 3099 325 3180; x_wconf 83' lang='lat' dir='ltr'><strong>sapientia</strong></span> <span class='ocrx_word' id='word_1_183' title='bbox 336 3110 446 3157; x_wconf 85' lang='lat' dir='ltr'><strong>mentes</strong></span> <span class='ocrx_word' id='word_1_184' title='bbox 457 3097 618 3178; x_wconf 81' lang='lat' dir='ltr'><strong>indigentes</strong></span> <span class='ocrx_word' id='word_1_185' title='bbox 626 3098 806 3170; x_wconf 84' lang='lat' dir='ltr'><strong>illuminans,</strong></span> <span class='ocrx_word' id='word_1_186' title='bbox 817 3096 898 3154; x_wconf 90' lang='lat' dir='ltr'><strong>nullo</strong></span> 
     </span>
     <span class='ocr_line' id='line_1_29' title="bbox 152 3183 899 3267; baseline -0.012 -16"><span class='ocrx_word' id='word_1_187' title='bbox 152 3189 275 3267; x_wconf 83' lang='lat' dir='ltr'><strong>indigens</strong></span> <span class='ocrx_word' id='word_1_188' title='bbox 303 3189 424 3262; x_wconf 84' lang='lat' dir='ltr'><strong>lumine,</strong></span> <span class='ocrx_word' id='word_1_189' title='bbox 447 3208 506 3265; x_wconf 90' lang='lat' dir='ltr'><strong>qua</strong></span> <span class='ocrx_word' id='word_1_190' title='bbox 534 3187 659 3249; x_wconf 89' lang='lat' dir='ltr'><strong>mundus</strong></span> <span class='ocrx_word' id='word_1_191' title='bbox 680 3183 899 3247; x_wconf 80' lang='lat' dir='ltr'><strong>administratur</strong></span> 
     </span>
    </p>
   </div>
   <div class='ocr_carea' id='block_1_5' title="bbox 0 0 1182 4018">
    <p class='ocr_par' dir='ltr' id='par_1_5' title="bbox 0 0 1182 4018">
     <span class='ocr_line' id='line_1_30' title="bbox 0 0 1182 4018; baseline 0 0"><span class='ocrx_word' id='word_1_192' title='bbox 0 0 1182 4018; x_wconf 95' lang='lat' dir='ltr'><strong> </strong></span> 
     </span>
    </p>
   </div>
  </div>
 </body>
</html>
