2394 4010
329 403 578 456 CONFESSIONUM
594 406 690 456 LIBER
707 409 741 456 X.
862 410 911 456 309

156 502 247 576 dium,
258 504 361 580 utique
373 517 470 562 amant
485 506 570 563 etiam
585 508 737 565 veritatem
746 527 757 579 3
766 526 820 564 nec
834 525 913 565 ama-

156 607 221 654 rent
238 595 292 653 nisi
316 607 390 654 esset
411 597 507 672 aliqua
528 597 629 654 notitia
650 593 712 673 ejus¹
730 598 760 654 iu
774 597 913 655 memoria

156 705 265 744 eorum.
279 688 338 743 Cur
355 705 425 762 ergo
442 706 501 744 nou
516 687 552 746 de
568 688 618 746 illa
632 681 777 764 gaudenti
792 707 844 746 cur
856 707 914 744 nou

154 772 233 832 beati
245 775 412 850 suntiQuia
426 775 529 833 fortius
544 788 725 854 occupantur
738 778 769 834 in
775 777 838 835 aliis
848 797 914 854 quae

155 865 253 940 potius
276 883 325 920 eos
349 862 459 921 faciunt
473 865 608 937 miseros,
620 885 708 943 quam
721 865 793 924 illud
814 865 914 924 beatos

156 952 236 1028 quod
261 954 386 1011 tenuiter
413 956 613 1014 meminerunt.
626 954 732 1014 Adhuc
753 955 829 1014 enim
851 975 915 1013 mo-

156 1041 255 1102 dicum
284 1044 381 1103 lumen
408 1057 451 1102 est
477 1045 508 1103 in
534 1045 722 1118 hominihus3
751 1045 914 1117 ambulent,

156 1133 320 1206 ambulent,
331 1155 368 1192 ne
380 1154 429 1192 eos
441 1135 568 1194 tenebrae
582 1135 828 1214 comprehendant
840 1147 860 1190 ¹.

197 1220 244 1280 34.
266 1225 323 1281 Cur
339 1237 436 1282 autem
450 1225 558 1283 veritas
581 1225 659 1303 parit
678 1224 791 1297 odium,
809 1235 837 1282 et
854 1223 913 1282 iui-

157 1311 249 1371 micus
264 1312 305 1370 eis
321 1311 413 1372 factus
430 1327 472 1374 est
493 1316 582 1374 homo
603 1325 670 1374 tuus
684 1335 786 1374 verum
802 1314 913 1393 praedi-

157 1421 241 1476 cans,
256 1424 322 1462 cum
337 1414 451 1463 ametur
463 1404 549 1464 beata
560 1405 637 1480 vita,
650 1427 714 1483 quae
729 1427 787 1464 non
803 1417 846 1464 est
859 1403 914 1463 uisi

150 1494 296 1571 'gaudium
321 1494 358 1552 de
386 1495 535 1553 veritate:
557 1497 612 1554 nisi
638 1497 707 1572 quia
734 1497 774 1553 sic
802 1507 916 1552 amatur

157 1581 282 1655 veritas,
297 1596 330 1642 ut
343 1585 521 1661 quicumque
535 1584 614 1642 aliud
629 1593 742 1656 amant,
762 1584 820 1642 hoc
835 1584 915 1660 quod

158 1687 256 1733 amant
274 1676 363 1734 velint
383 1695 445 1735 esse
462 1677 630 1747 veritatem3
642 1687 671 1733 et
693 1673 761 1750 quia
775 1673 835 1731 falli
858 1692 913 1730 no-

158 1765 237 1838 lunt,
258 1767 359 1826 uolunt
378 1764 509 1824 convinci
532 1765 612 1843 quod
634 1765 698 1823 falsi
719 1764 793 1822 sint?
811 1769 915 1840 Itaque

158 1868 277 1934 propter
292 1877 354 1915 eam
369 1876 430 1914 reru
443 1856 568 1914 oderunt
578 1856 743 1926 veritatem,
756 1873 844 1930 quam
857 1873 913 1932 pro

158 1945 397 2006 veritateamant.
416 1951 521 2004 Amant
538 1966 602 2005 eam
620 1947 776 2018 lucentem,
789 1943 915 2002 oderunt

159 2056 222 2095 eam
241 2037 469 2115 redarguentem.
487 2037 561 2110 Quia
582 2033 658 2093 enim
680 2034 739 2092 falli
760 2033 862 2092 nolunt
885 2043 914 2092 et

160 2125 259 2185 fallere
272 2128 387 2198 volunt,
402 2139 498 2183 amant
512 2146 574 2184 eam
590 2146 658 2183 cum
671 2145 702 2182 se
716 2124 780 2203 ipsa
791 2124 914 2196 iudicat,
952 2170 955 2175 .

161 2229 190 2276 et
205 2217 330 2288 oderunt
343 2236 405 2275 eam
430 2236 496 2274 curu
519 2236 568 2274 eos
586 2215 664 2293 ipsos
684 2213 792 2274 iudicat
805 2215 828 2270 *.
840 2213 913 2272 Inde

161 2306 304 2366 retribuet
317 2308 373 2377 eis,
388 2307 485 2385 utqui
503 2327 533 2366 se
552 2306 591 2364 ab
612 2326 646 2365 ea
667 2303 844 2364 manifestari
856 2323 912 2363 no-

163 2396 238 2467 lunt,
252 2408 281 2454 et
294 2415 342 2454 eos
355 2397 484 2455 nolentes
497 2395 671 2469 manifestet,
685 2409 714 2454 et
727 2395 769 2454 eis
782 2395 846 2472 ipsa
857 2414 915 2452 non

163 2487 199 2544 sit
212 2484 372 2544 manifesta.
388 2485 434 2546 sic
450 2486 491 2544 sic
508 2487 608 2556 etiam,
625 2486 666 2544 sic
683 2485 796 2542 animus
812 2484 916 2542 huma-

163 2594 231 2646 nus,
243 2575 327 2632 etiam
340 2575 381 2633 sic
397 2594 490 2633 caecus
502 2589 530 2633 et
542 2574 708 2650 languidus,
721 2573 814 2649 turpis
829 2585 916 2648 atque

164 2663 297 2722 indecens
311 2665 400 2722 latere
414 2665 492 2734 vult3
503 2681 533 2720 se
546 2675 643 2722 autem
655 2674 689 2719 ut
706 2662 794 2717 lateat
805 2659 915 2735 aliquid

166 2771 225 2808 non
236 2755 308 2811 vult.
319 2760 424 2815 Contra
437 2754 479 2812 illi
487 2751 620 2812 redditur
634 2763 667 2807 ut
675 2751 738 2828 ipse
756 2768 814 2806 non
829 2748 916 2806 lateat

166 2839 332 2914 veritatem,
344 2845 440 2923 ipsum
455 2854 552 2901 autem
571 2839 677 2898 veritas
697 2839 792 2896 lateat.
809 2841 916 2898 Taruen

167 2929 254 2987 etiam
267 2929 308 2988 sic
319 2933 389 2991 dum
403 2933 489 2992 miser
504 2943 564 3006 est,
575 2928 653 2989 veris
672 2930 781 2988 mavult
791 2927 918 3006 gaudere

204 3133 405 3191 ¹Joau.x11,³⁵.
