2326 4020
338 495 592 547 contestatorium
610 497 705 545 LIBER
723 499 743 544 i.
889 501 922 550 ³³

139 596 195 654 'sic
217 595 335 656 discere
355 609 513 674 coguntur,
538 608 572 654 ut
592 615 647 674 ego
667 597 759 655 illum.
781 595 924 660 Videlicet

156 685 348 759 difficultas*,
362 686 518 745 difficultas
532 687 652 744 omnino
664 685 825 746 ediscendae
839 708 924 767 pere·

153 776 245 852 grinae
255 778 375 856 linguae,
384 776 467 854 quasi
484 776 552 835 felle
566 775 738 854 aspergebat
748 797 848 838 omnes
859 799 921 840 sua·

155 867 262 926 vitares
278 887 388 946 graecas
400 866 601 926 fabulosarum
613 868 822 946 narrationum.
835 871 920 930 Nulla

158 958 234 1016 enim
250 959 346 1018 rerba
367 959 418 1018 illa
431 978 585 1032 noveram,
606 972 636 1019 et
655 961 738 1020 saevis
759 960 920 1023 terroribus

157 1067 192 1106 ac
204 1052 300 1126 poenis
311 1061 347 1109 ut
363 1069 476 1110 nossem
489 1048 654 1110 instabatur
670 1051 742 1110 mihi
762 1051 920 1112 vehemen-

155 1150 207 1196 ter.
219 1143 297 1198 Nam
308 1153 339 1200 et
351 1139 441 1198 latina
455 1140 613 1224 aliquando
623 1141 717 1214 inians
727 1141 830 1220 utique
840 1143 920 1204 uuila

152 1248 297 1288 noveram
307 1253 316 1304 3
326 1244 355 1292 et
368 1242 465 1290 tamen
480 1230 659 1290 advertendo
674 1230 763 1290 didici
779 1233 841 1292 siue
857 1234 919 1293 ullo

152 1333 341 1400 metuatque
363 1321 509 1394 cruciatu,
527 1321 603 1381 inter
616 1321 701 1380 etiam
720 1321 920 1382 blandimenta

151 1413 323 1484 nutricum,
342 1425 371 1471 et
390 1411 459 1490 joca
482 1411 686 1485 arridentium,
700 1425 731 1471 et
753 1414 865 1472 laetitias
880 1415 919 1474 al·

151 1501 333 1564 ludentium.
352 1503 448 1566 Didici
464 1522 536 1563 vero
554 1501 605 1560 illa
622 1503 683 1561 siue
706 1503 814 1581 poenali
830 1522 918 1562 onere

152 1597 341 1674 urgentium,
355 1609 423 1654 cum
437 1614 484 1652 me
501 1605 620 1672 urgeret
639 1613 691 1652 cor
704 1613 802 1652 meum
813 1594 851 1652 ad
864 1614 919 1672 pa·
980 1659 983 1666 ,

152 1683 261 1744 rienda
284 1697 426 1763 concepta
450 1704 516 1756 sua,
536 1703 601 1762 quae
622 1703 681 1742 non
706 1703 821 1761 possem
830 1686 852 1755 *,
862 1685 919 1744 nisi

152 1774 255 1854 aliqua
270 1775 362 1835 verba
375 1775 554 1848 didicissem,
567 1795 626 1834 non
638 1794 656 1833 a
668 1771 854 1845 docentibus,
868 1773 919 1832 sed

153 1885 170 1922 a
186 1867 393 1948 loquentibus,
408 1867 439 1925 in
454 1885 580 1944 quorum
599 1877 629 1923 et
646 1884 700 1942 ego
713 1861 834 1922 auribus
850 1883 920 1942 par-

154 1957 303 2017 turiebam
317 1954 460 2036 quidquid
473 1953 643 2016 sentiebam.
658 1953 734 2012 Hirro
745 1953 813 2012 satis
825 1955 921 2014 elucet

153 2049 300 2128 majorem
310 2047 421 2110 habere
437 2047 496 2106 vim
516 2046 554 2106 ad
573 2044 782 2106 docendaista
795 2042 919 2106 liberam

155 2129 369 2208 curiositatem,
385 2152 474 2214 quam
488 2137 687 2194 meticulosam
705 2138 918 2198 necessitatem.

153 2230 211 2288 Sed
231 2227 313 2308 illius
331 2228 526 2288 fluxum'haec
540 2227 688 2306 restringit
707 2227 820 2306 legibus
843 2229 917 2302 tuis,

154 2323 251 2394 Deus,
264 2319 378 2398 legibus
392 2319 450 2378 tuis
461 2339 479 2376 a
494 2318 696 2396 magistrorum
711 2319 811 2378 ferulis
824 2339 918 2398 usque

156 2410 192 2468 ad
213 2412 387 2470 tentationes
410 2421 589 2487 martyrum3
610 2408 775 2468 valentibus
804 2409 918 2488 legibus

156 2503 213 2560 tuis
231 2500 354 2560 miscere
370 2500 502 2559 salubres
515 2499 734 2570 amaritudines,
748 2489 917 2558 revocantes

156 2613 210 2654 nos
229 2594 266 2654 ad
282 2606 309 2652 te
327 2614 345 2652 a
359 2592 544 2670 jucunditate
557 2592 708 2670 pestifera,
724 2610 782 2669 qua
796 2595 917 2650 recessi-

135 2709 140 2718 *
157 2697 257 2746 11111911
275 2686 333 2744 te*.

421 2761 555 2824 CAPUT
576 2759 647 2824 XV.
667 2750 672 2755 ’

408 2909 517 2961 Precatio
532 2905 564 2960 ad
578 2911 665 2959 Deum.

201 3046 250 3104 24.
272 3043 406 3116 Exaudi,
421 3044 558 3119 Domine,
571 3006 806 3122 deprecationem
822 3051 916 3122 meam

158 3157 195 3196 ue
206 3137 429 3207 deficiat-anima
438 3155 503 3204 mea
511 3135 567 3196 sub
579 3135 732 3214 disciplina
746 3146 809 3206 tua3
821 3153 916 3212 neque

160 3227 291 3288 deficiam
310 3228 341 3286 in
363 3227 528 3286 confitendo
545 3225 598 3286 tibi
619 3227 819 3286 miserationes
838 3238 916 3296 tuas,
