<?xml version="1.0" encoding="UTF-8"?>
<!DOCTYPE html PUBLIC "-//W3C//DTD XHTML 1.0 Transitional//EN"
    "http://www.w3.org/TR/xhtml1/DTD/xhtml1-transitional.dtd">
<html xmlns="http://www.w3.org/1999/xhtml" xml:lang="en" lang="en">
 <head>
  <title>
</title>
<meta http-equiv="Content-Type" content="text/html;charset=utf-8" />
  <meta name='ocr-system' content='tesseract 3.04.00' />
  <meta name='ocr-capabilities' content='ocr_page ocr_carea ocr_par ocr_line ocrx_word'/>
</head>
<body>
  <div class='ocr_page' id='page_1' title='image "./confessionumlib00maugoog_0259.png"; bbox 0 0 2356 4018; ppageno 0'>
   <div class='ocr_carea' id='block_1_1' title="bbox 309 447 918 524">
    <p class='ocr_par' dir='ltr' id='par_1_1' title="bbox 309 447 918 524">
     <span class='ocr_line' id='line_1_1' title="bbox 309 447 918 524; baseline 0.002 -22"><span class='ocrx_word' id='word_1_1' title='bbox 309 451 577 524; x_wconf 80' lang='lat' dir='ltr'><strong>¹cotuusstouuu</strong></span> <span class='ocrx_word' id='word_1_2' title='bbox 595 451 690 504; x_wconf 74' lang='lat' dir='ltr'><strong>amna</strong></span> <span class='ocrx_word' id='word_1_3' title='bbox 707 451 754 504; x_wconf 80' lang='lat' dir='ltr'><strong>nt.</strong></span> <span class='ocrx_word' id='word_1_4' title='bbox 867 447 918 505; x_wconf 76' lang='lat'>2⁵7·</span> 
     </span>
    </p>
   </div>
   <div class='ocr_carea' id='block_1_2' title="bbox 157 549 985 2246">
    <p class='ocr_par' dir='ltr' id='par_1_2' title="bbox 157 549 985 2246">
     <span class='ocr_line' id='line_1_2' title="bbox 160 549 919 623; baseline 0.003 -13"><span class='ocrx_word' id='word_1_5' title='bbox 160 553 303 622; x_wconf 85' lang='lat' dir='ltr'><strong>actiones,</strong></span> <span class='ocrx_word' id='word_1_6' title='bbox 318 555 397 610; x_wconf 86' lang='lat' dir='ltr'><strong>Deus</strong></span> <span class='ocrx_word' id='word_1_7' title='bbox 416 570 514 623; x_wconf 86' lang='lat' dir='ltr'><strong>meus,</strong></span> <span class='ocrx_word' id='word_1_8' title='bbox 529 549 566 610; x_wconf 89' lang='lat' dir='ltr'><strong>de</strong></span> <span class='ocrx_word' id='word_1_9' title='bbox 585 550 674 611; x_wconf 85' lang='lat' dir='ltr'><strong>rebus</strong></span> <span class='ocrx_word' id='word_1_10' title='bbox 693 551 919 612; x_wconf 82' lang='lat' dir='ltr'><strong>innumerabili-</strong></span> 
     </span>
     <span class='ocr_line' id='line_1_3' title="bbox 161 639 918 722; baseline 0.005 -24"><span class='ocrx_word' id='word_1_11' title='bbox 161 639 215 700; x_wconf 89' lang='lat' dir='ltr'><strong>bus</strong></span> <span class='ocrx_word' id='word_1_12' title='bbox 231 640 319 699; x_wconf 88' lang='lat' dir='ltr'><strong>etiam</strong></span> <span class='ocrx_word' id='word_1_13' title='bbox 332 640 364 698; x_wconf 90' lang='lat' dir='ltr'><strong>in</strong></span> <span class='ocrx_word' id='word_1_14' title='bbox 378 639 503 700; x_wconf 83' lang='lat' dir='ltr'><strong>silendo.</strong></span> <span class='ocrx_word' id='word_1_15' title='bbox 517 640 574 701; x_wconf 89' lang='lat' dir='ltr'><strong>Sed</strong></span> <span class='ocrx_word' id='word_1_16' title='bbox 586 661 646 702; x_wconf 91' lang='lat' dir='ltr'><strong>non</strong></span> <span class='ocrx_word' id='word_1_17' title='bbox 657 641 817 722; x_wconf 80' lang='lat' dir='ltr'><strong>praeteribo</strong></span> <span class='ocrx_word' id='word_1_18' title='bbox 830 643 918 722; x_wconf 86' lang='lat' dir='ltr'><strong>quid-</strong></span> 
     </span>
     <span class='ocr_line' id='line_1_4' title="bbox 159 729 918 812; baseline 0.009 -24"><span class='ocrx_word' id='word_1_19' title='bbox 159 731 232 809; x_wconf 88' lang='lat' dir='ltr'>quid</span> <span class='ocrx_word' id='word_1_20' title='bbox 250 731 323 789; x_wconf 83' lang='lat' dir='ltr'><strong>mihi</strong></span> <span class='ocrx_word' id='word_1_21' title='bbox 343 733 441 791; x_wconf 85' lang='lat' dir='ltr'><strong>anima</strong></span> <span class='ocrx_word' id='word_1_22' title='bbox 459 733 588 812; x_wconf 87' lang='lat' dir='ltr'><strong>parturit</strong></span> <span class='ocrx_word' id='word_1_23' title='bbox 607 733 645 792; x_wconf 87' lang='lat' dir='ltr'><strong>dc</strong></span> <span class='ocrx_word' id='word_1_24' title='bbox 663 729 713 792; x_wconf 87' lang='lat' dir='ltr'><strong>illa</strong></span> <span class='ocrx_word' id='word_1_25' title='bbox 727 733 836 810; x_wconf 80' lang='lat' dir='ltr'><strong>famula</strong></span> <span class='ocrx_word' id='word_1_26' title='bbox 853 748 918 806; x_wconf 82' lang='lat' dir='ltr'><strong>uro,</strong></span> 
     </span>
     <span class='ocr_line' id='line_1_5' title="bbox 159 824 985 912; baseline 0.007 -30"><span class='ocrx_word' id='word_1_27' title='bbox 159 842 225 902; x_wconf 86' lang='lat' dir='ltr'><strong>quae</strong></span> <span class='ocrx_word' id='word_1_28' title='bbox 239 841 286 881; x_wconf 85' lang='lat' dir='ltr'><strong>ure</strong></span> <span class='ocrx_word' id='word_1_29' title='bbox 298 824 471 902; x_wconf 81' lang='lat' dir='ltr'><strong>parturivit3</strong></span> <span class='ocrx_word' id='word_1_30' title='bbox 489 835 519 884; x_wconf 84' lang='lat' dir='ltr'><strong>et</strong></span> <span class='ocrx_word' id='word_1_31' title='bbox 537 827 637 898; x_wconf 79' lang='lat' dir='ltr'><strong>carne,</strong></span> <span class='ocrx_word' id='word_1_32' title='bbox 651 839 685 884; x_wconf 91' lang='lat' dir='ltr'><strong>ut</strong></span> <span class='ocrx_word' id='word_1_33' title='bbox 701 825 734 884; x_wconf 90' lang='lat' dir='ltr'><strong>in</strong></span> <span class='ocrx_word' id='word_1_34' title='bbox 752 825 830 886; x_wconf 85' lang='lat' dir='ltr'><strong>hauc</strong></span> <span class='ocrx_word' id='word_1_35' title='bbox 842 841 918 888; x_wconf 86' lang='lat' dir='ltr'><strong>tem-</strong></span> <span class='ocrx_word' id='word_1_36' title='bbox 978 899 985 912; x_wconf 78' lang='lat'><strong>.</strong></span> 
     </span>
     <span class='ocr_line' id='line_1_6' title="bbox 160 915 918 994; baseline 0.011 -23"><span class='ocrx_word' id='word_1_37' title='bbox 160 915 305 994; x_wconf 85' lang='lat' dir='ltr'><strong>poralem3</strong></span> <span class='ocrx_word' id='word_1_38' title='bbox 325 926 354 974; x_wconf 86' lang='lat' dir='ltr'><strong>et</strong></span> <span class='ocrx_word' id='word_1_39' title='bbox 374 915 477 986; x_wconf 88' lang='lat' dir='ltr'><strong>corde,</strong></span> <span class='ocrx_word' id='word_1_40' title='bbox 496 929 530 974; x_wconf 90' lang='lat' dir='ltr'><strong>ut</strong></span> <span class='ocrx_word' id='word_1_41' title='bbox 547 915 579 974; x_wconf 88' lang='lat' dir='ltr'><strong>in</strong></span> <span class='ocrx_word' id='word_1_42' title='bbox 598 925 736 976; x_wconf 72' lang='lat' dir='ltr'><strong>alemant</strong></span> <span class='ocrx_word' id='word_1_43' title='bbox 754 918 851 978; x_wconf 82' lang='lat' dir='ltr'><strong>lucem</strong></span> <span class='ocrx_word' id='word_1_44' title='bbox 866 939 918 980; x_wconf 81' lang='lat' dir='ltr'><strong>na-</strong></span> 
     </span>
     <span class='ocr_line' id='line_1_7' title="bbox 160 1003 918 1086; baseline 0.011 -24"><span class='ocrx_word' id='word_1_45' title='bbox 160 1004 284 1063; x_wconf 77' lang='lat' dir='ltr'><strong>scerer&#39;.</strong></span> <span class='ocrx_word' id='word_1_46' title='bbox 297 1009 362 1062; x_wconf 87' lang='lat' dir='ltr'><strong>Non</strong></span> <span class='ocrx_word' id='word_1_47' title='bbox 381 1003 460 1082; x_wconf 83' lang='lat' dir='ltr'><strong>ejus,</strong></span> <span class='ocrx_word' id='word_1_48' title='bbox 473 1005 526 1065; x_wconf 87' lang='lat' dir='ltr'><strong>sed</strong></span> <span class='ocrx_word' id='word_1_49' title='bbox 546 1018 597 1064; x_wconf 87' lang='lat' dir='ltr'><strong>tua</strong></span> <span class='ocrx_word' id='word_1_50' title='bbox 614 1005 710 1074; x_wconf 83' lang='lat' dir='ltr'><strong>dicant</strong></span> <span class='ocrx_word' id='word_1_51' title='bbox 731 1007 809 1068; x_wconf 87' lang='lat' dir='ltr'><strong>dona</strong></span> <span class='ocrx_word' id='word_1_52' title='bbox 821 1010 852 1068; x_wconf 90' lang='lat' dir='ltr'><strong>in</strong></span> <span class='ocrx_word' id='word_1_53' title='bbox 869 1032 918 1086; x_wconf 86' lang='lat' dir='ltr'><strong>ea;</strong></span> 
     </span>
     <span class='ocr_line' id='line_1_8' title="bbox 160 1095 918 1175; baseline 0.011 -23"><span class='ocrx_word' id='word_1_54' title='bbox 160 1095 351 1173; x_wconf 82' lang='lat' dir='ltr'><strong>nequeenim</strong></span> <span class='ocrx_word' id='word_1_55' title='bbox 372 1096 497 1175; x_wconf 78' lang='lat' dir='ltr'><strong>seipsam</strong></span> <span class='ocrx_word' id='word_1_56' title='bbox 519 1096 643 1170; x_wconf 81' lang='lat' dir='ltr'><strong>fecerat,</strong></span> <span class='ocrx_word' id='word_1_57' title='bbox 665 1111 717 1158; x_wconf 87' lang='lat' dir='ltr'><strong>aut</strong></span> <span class='ocrx_word' id='word_1_58' title='bbox 741 1098 918 1160; x_wconf 79' lang='lat' dir='ltr'>&#39;educaverat</span> 
     </span>
     <span class='ocr_line' id='line_1_9' title="bbox 158 1184 920 1268; baseline 0.009 -24"><span class='ocrx_word' id='word_1_59' title='bbox 158 1185 293 1264; x_wconf 76' lang='lat' dir='ltr'><strong>seipsam.</strong></span> <span class='ocrx_word' id='word_1_60' title='bbox 307 1185 351 1244; x_wconf 74' lang='lat' dir='ltr'><strong>&#39;Iu</strong></span> <span class='ocrx_word' id='word_1_61' title='bbox 366 1184 470 1246; x_wconf 77' lang='lat' dir='ltr'><strong>creasti</strong></span> <span class='ocrx_word' id='word_1_62' title='bbox 484 1197 566 1260; x_wconf 82' lang='lat' dir='ltr'><strong>caut,</strong></span> <span class='ocrx_word' id='word_1_63' title='bbox 582 1207 637 1248; x_wconf 86' lang='lat' dir='ltr'><strong>uec</strong></span> <span class='ocrx_word' id='word_1_64' title='bbox 651 1202 736 1268; x_wconf 87' lang='lat' dir='ltr'><strong>pater</strong></span> <span class='ocrx_word' id='word_1_65' title='bbox 755 1209 811 1250; x_wconf 86' lang='lat' dir='ltr'><strong>uec</strong></span> <span class='ocrx_word' id='word_1_66' title='bbox 825 1205 920 1251; x_wconf 86' lang='lat' dir='ltr'><strong>muter</strong></span> 
     </span>
     <span class='ocr_line' id='line_1_10' title="bbox 158 1274 918 1354; baseline 0.012 -21"><span class='ocrx_word' id='word_1_67' title='bbox 158 1274 269 1334; x_wconf 87' lang='lat' dir='ltr'><strong>sciebat</strong></span> <span class='ocrx_word' id='word_1_68' title='bbox 285 1277 380 1354; x_wconf 89' lang='lat' dir='ltr'><strong>qualis</strong></span> <span class='ocrx_word' id='word_1_69' title='bbox 394 1295 431 1338; x_wconf 86' lang='lat' dir='ltr'><strong>ex</strong></span> <span class='ocrx_word' id='word_1_70' title='bbox 445 1278 487 1337; x_wconf 86' lang='lat' dir='ltr'><strong>eis</strong></span> <span class='ocrx_word' id='word_1_71' title='bbox 500 1274 591 1338; x_wconf 83' lang='lat' dir='ltr'><strong>fieret.</strong></span> <span class='ocrx_word' id='word_1_72' title='bbox 605 1283 643 1338; x_wconf 89' lang='lat' dir='ltr'><strong>Et</strong></span> <span class='ocrx_word' id='word_1_73' title='bbox 655 1279 788 1340; x_wconf 86' lang='lat' dir='ltr'><strong>erudivit</strong></span> <span class='ocrx_word' id='word_1_74' title='bbox 803 1301 867 1341; x_wconf 82' lang='lat' dir='ltr'><strong>uam</strong></span> <span class='ocrx_word' id='word_1_75' title='bbox 885 1286 918 1342; x_wconf 92' lang='lat' dir='ltr'><strong>in</strong></span> 
     </span>
     <span class='ocr_line' id='line_1_11' title="bbox 159 1364 917 1450; baseline 0.015 -26"><span class='ocrx_word' id='word_1_76' title='bbox 159 1367 262 1426; x_wconf 87' lang='lat' dir='ltr'><strong>timore</strong></span> <span class='ocrx_word' id='word_1_77' title='bbox 274 1381 328 1428; x_wconf 90' lang='lat' dir='ltr'><strong>tuo</strong></span> <span class='ocrx_word' id='word_1_78' title='bbox 338 1368 422 1446; x_wconf 80' lang='lat' dir='ltr'><strong>virga</strong></span> <span class='ocrx_word' id='word_1_79' title='bbox 432 1364 539 1430; x_wconf 82' lang='lat' dir='ltr'><strong>Christi</strong></span> <span class='ocrx_word' id='word_1_80' title='bbox 553 1371 610 1444; x_wconf 85' lang='lat' dir='ltr'><strong>tui,</strong></span> <span class='ocrx_word' id='word_1_81' title='bbox 624 1373 755 1450; x_wconf 85' lang='lat' dir='ltr'><strong>regimen</strong></span> <span class='ocrx_word' id='word_1_82' title='bbox 771 1376 852 1432; x_wconf 89' lang='lat' dir='ltr'><strong>unici</strong></span> <span class='ocrx_word' id='word_1_83' title='bbox 867 1377 917 1435; x_wconf 79' lang='lat' dir='ltr'><strong>Fi—</strong></span> 
     </span>
     <span class='ocr_line' id='line_1_12' title="bbox 158 1457 917 1531; baseline 0.012 -16"><span class='ocrx_word' id='word_1_84' title='bbox 158 1457 190 1516; x_wconf 87' lang='lat' dir='ltr'><strong>lii</strong></span> <span class='ocrx_word' id='word_1_85' title='bbox 203 1459 247 1516; x_wconf 90' lang='lat' dir='ltr'><strong>tui</strong></span> <span class='ocrx_word' id='word_1_86' title='bbox 267 1459 300 1516; x_wconf 89' lang='lat' dir='ltr'><strong>in</strong></span> <span class='ocrx_word' id='word_1_87' title='bbox 319 1459 406 1518; x_wconf 92' lang='lat' dir='ltr'><strong>domo</strong></span> <span class='ocrx_word' id='word_1_88' title='bbox 424 1459 517 1531; x_wconf 84' lang='lat' dir='ltr'><strong>fidoli,</strong></span> <span class='ocrx_word' id='word_1_89' title='bbox 532 1460 613 1520; x_wconf 90' lang='lat' dir='ltr'><strong>bono</strong></span> <span class='ocrx_word' id='word_1_90' title='bbox 630 1461 763 1520; x_wconf 85' lang='lat' dir='ltr'><strong>membro</strong></span> <span class='ocrx_word' id='word_1_91' title='bbox 782 1466 917 1525; x_wconf 82' lang='lat' dir='ltr'><strong>Ecclesiae</strong></span> 
     </span>
     <span class='ocr_line' id='line_1_13' title="bbox 159 1550 917 1632; baseline 0.011 -26"><span class='ocrx_word' id='word_1_92' title='bbox 159 1560 225 1607; x_wconf 77' lang='lat' dir='ltr'><strong>tue.</strong></span> <span class='ocrx_word' id='word_1_93' title='bbox 246 1555 307 1608; x_wconf 84' lang='lat' dir='ltr'><strong>Nec</strong></span> <span class='ocrx_word' id='word_1_94' title='bbox 326 1563 435 1618; x_wconf 80' lang='lat' dir='ltr'><strong>tantam</strong></span> <span class='ocrx_word' id='word_1_95' title='bbox 456 1569 526 1628; x_wconf 79' lang='lat' dir='ltr'><strong>erga</strong></span> <span class='ocrx_word' id='word_1_96' title='bbox 542 1561 626 1610; x_wconf 85' lang='lat' dir='ltr'><strong>suam</strong></span> <span class='ocrx_word' id='word_1_97' title='bbox 644 1550 829 1632; x_wconf 80' lang='lat' dir='ltr'><strong>disciplinam</strong></span> <span class='ocrx_word' id='word_1_98' title='bbox 850 1551 917 1614; x_wconf 56' lang='lat' dir='ltr'><strong>dilis</strong></span> 
     </span>
     <span class='ocr_line' id='line_1_14' title="bbox 158 1640 916 1720; baseline 0.009 -22"><span class='ocrx_word' id='word_1_99' title='bbox 158 1641 285 1716; x_wconf 83' lang='lat' dir='ltr'><strong>gentiam</strong></span> <span class='ocrx_word' id='word_1_100' title='bbox 305 1642 406 1699; x_wconf 88' lang='lat' dir='ltr'><strong>matris</strong></span> <span class='ocrx_word' id='word_1_101' title='bbox 428 1640 620 1719; x_wconf 78' lang='lat' dir='ltr'><strong>praedicabat,</strong></span> <span class='ocrx_word' id='word_1_102' title='bbox 641 1653 780 1720; x_wconf 81' lang='lat' dir='ltr'><strong>quantum</strong></span> <span class='ocrx_word' id='word_1_103' title='bbox 801 1645 916 1705; x_wconf 80' lang='lat' dir='ltr'><strong>lamulae</strong></span> 
     </span>
     <span class='ocr_line' id='line_1_15' title="bbox 158 1729 916 1810; baseline 0.009 -24"><span class='ocrx_word' id='word_1_104' title='bbox 158 1729 310 1808; x_wconf 82' lang='lat' dir='ltr'><strong>cujusdam</strong></span> <span class='ocrx_word' id='word_1_105' title='bbox 321 1731 486 1810; x_wconf 69' lang='lat' dir='ltr'><strong>decrepitae,</strong></span> <span class='ocrx_word' id='word_1_106' title='bbox 498 1747 564 1809; x_wconf 76' lang='lat' dir='ltr'><strong>(praa</strong></span> <span class='ocrx_word' id='word_1_107' title='bbox 574 1743 689 1809; x_wconf 86' lang='lat' dir='ltr'><strong>patrem</strong></span> <span class='ocrx_word' id='word_1_108' title='bbox 700 1729 764 1808; x_wconf 86' lang='lat' dir='ltr'><strong>ejus</strong></span> <span class='ocrx_word' id='word_1_109' title='bbox 774 1732 916 1793; x_wconf 82' lang='lat' dir='ltr'><strong>infantem</strong></span> 
     </span>
     <span class='ocr_line' id='line_1_16' title="bbox 157 1820 915 1901; baseline 0.004 -21"><span class='ocrx_word' id='word_1_110' title='bbox 157 1834 338 1899; x_wconf 81' lang='lat' dir='ltr'><strong>portaverat,</strong></span> <span class='ocrx_word' id='word_1_111' title='bbox 350 1822 427 1880; x_wconf 88' lang='lat' dir='ltr'><strong>siout</strong></span> <span class='ocrx_word' id='word_1_112' title='bbox 441 1821 528 1880; x_wconf 89' lang='lat' dir='ltr'><strong>dorso</strong></span> <span class='ocrx_word' id='word_1_113' title='bbox 541 1820 813 1899; x_wconf 74' lang='lat' dir='ltr'><strong>grandiuscularum</strong></span> <span class='ocrx_word' id='word_1_114' title='bbox 832 1827 915 1901; x_wconf 90' lang='lat' dir='ltr'><strong>puel-</strong></span> 
     </span>
     <span class='ocr_line' id='line_1_17' title="bbox 157 1909 914 1992; baseline 0.003 -22"><span class='ocrx_word' id='word_1_115' title='bbox 157 1911 251 1971; x_wconf 83' lang='lat' dir='ltr'><strong>larum</strong></span> <span class='ocrx_word' id='word_1_116' title='bbox 265 1913 382 1992; x_wconf 74' lang='lat' dir='ltr'><strong>parvuli</strong></span> <span class='ocrx_word' id='word_1_117' title='bbox 401 1912 513 1991; x_wconf 87' lang='lat' dir='ltr'><strong>portari</strong></span> <span class='ocrx_word' id='word_1_118' title='bbox 527 1911 631 1970; x_wconf 82' lang='lat' dir='ltr'><strong>solent.</strong></span> <span class='ocrx_word' id='word_1_119' title='bbox 645 1909 734 1990; x_wconf 83' lang='lat' dir='ltr'><strong>Cujus</strong></span> <span class='ocrx_word' id='word_1_120' title='bbox 748 1912 791 1970; x_wconf 90' lang='lat' dir='ltr'><strong>rei</strong></span> <span class='ocrx_word' id='word_1_121' title='bbox 805 1915 914 1990; x_wconf 84' lang='lat' dir='ltr'><strong>gratia,</strong></span> 
     </span>
     <span class='ocr_line' id='line_1_18' title="bbox 158 2002 915 2083; baseline 0.005 -23"><span class='ocrx_word' id='word_1_122' title='bbox 158 2015 186 2061; x_wconf 89' lang='lat' dir='ltr'><strong>et</strong></span> <span class='ocrx_word' id='word_1_123' title='bbox 199 2015 320 2083; x_wconf 81' lang='lat' dir='ltr'><strong>propter</strong></span> <span class='ocrx_word' id='word_1_124' title='bbox 329 2017 474 2063; x_wconf 77' lang='lat' dir='ltr'><strong>senectam</strong></span> <span class='ocrx_word' id='word_1_125' title='bbox 487 2023 521 2062; x_wconf 86' lang='lat' dir='ltr'><strong>ac</strong></span> <span class='ocrx_word' id='word_1_126' title='bbox 532 2021 631 2062; x_wconf 81' lang='lat' dir='ltr'><strong>morea</strong></span> <span class='ocrx_word' id='word_1_127' title='bbox 640 2002 776 2081; x_wconf 83' lang='lat' dir='ltr'><strong>optimos,</strong></span> <span class='ocrx_word' id='word_1_128' title='bbox 786 2003 817 2061; x_wconf 92' lang='lat' dir='ltr'><strong>in</strong></span> <span class='ocrx_word' id='word_1_129' title='bbox 827 2003 915 2064; x_wconf 87' lang='lat' dir='ltr'><strong>domo</strong></span> 
     </span>
     <span class='ocr_line' id='line_1_19' title="bbox 158 2091 914 2174; baseline 0.003 -23"><span class='ocrx_word' id='word_1_130' title='bbox 158 2093 315 2153; x_wconf 86' lang='lat' dir='ltr'><strong>christiana</strong></span> <span class='ocrx_word' id='word_1_131' title='bbox 336 2094 406 2153; x_wconf 83' lang='lat' dir='ltr'><strong>satis</strong></span> <span class='ocrx_word' id='word_1_132' title='bbox 426 2111 444 2153; x_wconf 92' lang='lat' dir='ltr'><strong>a</strong></span> <span class='ocrx_word' id='word_1_133' title='bbox 464 2091 591 2152; x_wconf 86' lang='lat' dir='ltr'><strong>dominis</strong></span> <span class='ocrx_word' id='word_1_134' title='bbox 603 2092 817 2152; x_wconf 74' lang='lat' dir='ltr'><strong>honorabatur.</strong></span> <span class='ocrx_word' id='word_1_135' title='bbox 829 2093 914 2174; x_wconf 82' lang='lat' dir='ltr'><strong>Unde</strong></span> 
     </span>
     <span class='ocr_line' id='line_1_20' title="bbox 157 2181 914 2246; baseline 0.001 -3"><span class='ocrx_word' id='word_1_136' title='bbox 157 2181 244 2243; x_wconf 79' lang='lat' dir='ltr'><strong>etiam</strong></span> <span class='ocrx_word' id='word_1_137' title='bbox 255 2201 355 2244; x_wconf 87' lang='lat' dir='ltr'><strong>curam</strong></span> <span class='ocrx_word' id='word_1_138' title='bbox 366 2181 580 2246; x_wconf 86' lang='lat' dir='ltr'><strong>dominicarum</strong></span> <span class='ocrx_word' id='word_1_139' title='bbox 591 2185 717 2244; x_wconf 87' lang='lat' dir='ltr'><strong>filiarum</strong></span> <span class='ocrx_word' id='word_1_140' title='bbox 732 2185 914 2244; x_wconf 86' lang='lat' dir='ltr'><strong>commissam</strong></span> 
     </span>
    </p>
   </div>
   <div class='ocr_carea' id='block_1_3' title="bbox 2 2273 1014 2360">
    <p class='ocr_par' dir='ltr' id='par_1_3' title="bbox 2 2273 1014 2360">
     <span class='ocr_line' id='line_1_21' title="bbox 2 2273 1014 2360; baseline -0.001 -27"><span class='ocrx_word' id='word_1_141' title='bbox 2 2273 3 2284; x_wconf 73' lang='grc'>’</span> <span class='ocrx_word' id='word_1_142' title='bbox 103 2277 212 2360; x_wconf 22' lang='grc' dir='ltr'><strong>,οἱδὶ</strong></span> <span class='ocrx_word' id='word_1_143' title='bbox 226 2277 382 2354; x_wconf 79' lang='lat' dir='ltr'><strong>diligenter</strong></span> <span class='ocrx_word' id='word_1_144' title='bbox 401 2278 575 2356; x_wconf 77' lang='lat' dir='ltr'><strong>gerebat‚et</strong></span> <span class='ocrx_word' id='word_1_145' title='bbox 595 2279 702 2338; x_wconf 85' lang='lat' dir='ltr'><strong>eratin</strong></span> <span class='ocrx_word' id='word_1_146' title='bbox 716 2278 757 2337; x_wconf 88' lang='lat' dir='ltr'><strong>eis</strong></span> <span class='ocrx_word' id='word_1_147' title='bbox 771 2295 913 2338; x_wconf 86' lang='lat' dir='ltr'><strong>coeroen·</strong></span> <span class='ocrx_word' id='word_1_148' title='bbox 1011 2327 1014 2332; x_wconf 91' lang='lat'><strong>.</strong></span> 
     </span>
    </p>
   </div>
   <div class='ocr_carea' id='block_1_4' title="bbox 154 2365 913 3332">
    <p class='ocr_par' dir='ltr' id='par_1_4' title="bbox 154 2365 913 3332">
     <span class='ocr_line' id='line_1_22' title="bbox 154 2365 912 2446; baseline 0.003 -23"><span class='ocrx_word' id='word_1_149' title='bbox 154 2365 214 2438; x_wconf 87' lang='lat' dir='ltr'><strong>dis,</strong></span> <span class='ocrx_word' id='word_1_150' title='bbox 234 2385 301 2426; x_wconf 89' lang='lat' dir='ltr'><strong>cum</strong></span> <span class='ocrx_word' id='word_1_151' title='bbox 328 2382 403 2446; x_wconf 84' lang='lat' dir='ltr'><strong>opus</strong></span> <span class='ocrx_word' id='word_1_152' title='bbox 423 2379 510 2439; x_wconf 87' lang='lat' dir='ltr'><strong>esset,</strong></span> <span class='ocrx_word' id='word_1_153' title='bbox 529 2379 630 2426; x_wconf 86' lang='lat' dir='ltr'><strong>sancta</strong></span> <span class='ocrx_word' id='word_1_154' title='bbox 647 2365 801 2426; x_wconf 84' lang='lat' dir='ltr'><strong>severitate</strong></span> <span class='ocrx_word' id='word_1_155' title='bbox 821 2366 912 2425; x_wconf 88' lang='lat' dir='ltr'><strong>vehe-</strong></span> 
     </span>
     <span class='ocr_line' id='line_1_23' title="bbox 156 2456 912 2536; baseline 0 -21"><span class='ocrx_word' id='word_1_156' title='bbox 156 2475 246 2529; x_wconf 80' lang='lat' dir='ltr'><strong>mens,</strong></span> <span class='ocrx_word' id='word_1_157' title='bbox 256 2471 344 2536; x_wconf 86' lang='lat' dir='ltr'><strong>atque</strong></span> <span class='ocrx_word' id='word_1_158' title='bbox 356 2458 387 2515; x_wconf 89' lang='lat' dir='ltr'><strong>in</strong></span> <span class='ocrx_word' id='word_1_159' title='bbox 399 2457 540 2516; x_wconf 88' lang='lat' dir='ltr'><strong>docendis</strong></span> <span class='ocrx_word' id='word_1_160' title='bbox 552 2456 651 2516; x_wconf 86' lang='lat' dir='ltr'><strong>sobrie</strong></span> <span class='ocrx_word' id='word_1_161' title='bbox 663 2457 830 2536; x_wconf 87' lang='lat' dir='ltr'><strong>prudentia.</strong></span> <span class='ocrx_word' id='word_1_162' title='bbox 840 2462 912 2516; x_wconf 86' lang='lat' dir='ltr'><strong>Nam</strong></span> 
     </span>
     <span class='ocr_line' id='line_1_24' title="bbox 155 2541 913 2627; baseline -0.001 -22"><span class='ocrx_word' id='word_1_163' title='bbox 155 2561 218 2618; x_wconf 81' lang='lat' dir='ltr'><strong>eas,</strong></span> <span class='ocrx_word' id='word_1_164' title='bbox 246 2559 354 2627; x_wconf 85' lang='lat' dir='ltr'><strong>praeter</strong></span> <span class='ocrx_word' id='word_1_165' title='bbox 379 2548 450 2608; x_wconf 54' lang='lat' dir='ltr'><strong>illas*</strong></span> <span class='ocrx_word' id='word_1_166' title='bbox 470 2547 557 2606; x_wconf 84' lang='lat' dir='ltr'><strong>horas</strong></span> <span class='ocrx_word' id='word_1_167' title='bbox 582 2545 692 2626; x_wconf 85' lang='lat' dir='ltr'><strong>quibus</strong></span> <span class='ocrx_word' id='word_1_168' title='bbox 722 2545 759 2605; x_wconf 89' lang='lat' dir='ltr'><strong>ad</strong></span> <span class='ocrx_word' id='word_1_169' title='bbox 784 2541 913 2606; x_wconf 77' lang='lat' dir='ltr'><strong>mensum</strong></span> 
     </span>
     <span class='ocr_line' id='line_1_25' title="bbox 155 2636 912 2717; baseline -0.005 -19"><span class='ocrx_word' id='word_1_170' title='bbox 155 2652 310 2717; x_wconf 87' lang='lat' dir='ltr'><strong>parenmm</strong></span> <span class='ocrx_word' id='word_1_171' title='bbox 343 2638 574 2697; x_wconf 79' lang='lat' dir='ltr'><strong>moderatissime</strong></span> <span class='ocrx_word' id='word_1_172' title='bbox 606 2636 771 2708; x_wconf 86' lang='lat' dir='ltr'><strong>alebantur,</strong></span> <span class='ocrx_word' id='word_1_173' title='bbox 796 2638 912 2706; x_wconf 76' lang='lat' dir='ltr'><strong>¹etiamsi</strong></span> 
     </span>
     <span class='ocr_line' id='line_1_26' title="bbox 156 2723 912 2805; baseline -0.001 -20"><span class='ocrx_word' id='word_1_174' title='bbox 156 2727 377 2788; x_wconf 84' lang='lat' dir='ltr'><strong>exardescerent</strong></span> <span class='ocrx_word' id='word_1_175' title='bbox 392 2729 456 2800; x_wconf 89' lang='lat' dir='ltr'><strong>siti,</strong></span> <span class='ocrx_word' id='word_1_176' title='bbox 470 2745 525 2786; x_wconf 84' lang='lat' dir='ltr'><strong>neo</strong></span> <span class='ocrx_word' id='word_1_177' title='bbox 545 2745 651 2805; x_wconf 87' lang='lat' dir='ltr'><strong>aquam</strong></span> <span class='ocrx_word' id='word_1_178' title='bbox 664 2723 768 2784; x_wconf 88' lang='lat' dir='ltr'><strong>bibere</strong></span> <span class='ocrx_word' id='word_1_179' title='bbox 785 2725 912 2798; x_wconf 84' lang='lat' dir='ltr'><strong>sinebat,</strong></span> 
     </span>
     <span class='ocr_line' id='line_1_27' title="bbox 156 2814 912 2893; baseline 0 -19"><span class='ocrx_word' id='word_1_180' title='bbox 156 2835 324 2893; x_wconf 79' lang='lat' dir='ltr'><strong>praecavens</strong></span> <span class='ocrx_word' id='word_1_181' title='bbox 345 2817 586 2877; x_wconf 76' lang='lat' dir='ltr'><strong>consuetudinem</strong></span> <span class='ocrx_word' id='word_1_182' title='bbox 611 2815 732 2887; x_wconf 86' lang='lat' dir='ltr'><strong>malam,</strong></span> <span class='ocrx_word' id='word_1_183' title='bbox 751 2827 781 2874; x_wconf 86' lang='lat' dir='ltr'><strong>et</strong></span> <span class='ocrx_word' id='word_1_184' title='bbox 802 2814 912 2874; x_wconf 87' lang='lat' dir='ltr'><strong>addens</strong></span> 
     </span>
     <span class='ocr_line' id='line_1_28' title="bbox 156 2903 912 2990; baseline 0 -26"><span class='ocrx_word' id='word_1_185' title='bbox 156 2905 280 2966; x_wconf 86' lang='lat' dir='ltr'><strong>verbum</strong></span> <span class='ocrx_word' id='word_1_186' title='bbox 294 2925 396 2967; x_wconf 87' lang='lat' dir='ltr'><strong>sunum</strong></span> <span class='ocrx_word' id='word_1_187' title='bbox 409 2930 417 2967; x_wconf 74' lang='grc' dir='ltr'><strong>ι</strong></span> <span class='ocrx_word' id='word_1_188' title='bbox 429 2934 442 2961; x_wconf 92' lang='lat'>«</span> <span class='ocrx_word' id='word_1_189' title='bbox 450 2907 539 2967; x_wconf 87' lang='lat' dir='ltr'><strong>Modo</strong></span> <span class='ocrx_word' id='word_1_190' title='bbox 548 2923 659 2990; x_wconf 32' lang='lat' dir='ltr'><strong>&#39;amam</strong></span> <span class='ocrx_word' id='word_1_191' title='bbox 671 2904 788 2978; x_wconf 85' lang='lat' dir='ltr'><strong>bibitis,</strong></span> <span class='ocrx_word' id='word_1_192' title='bbox 799 2903 870 2984; x_wconf 87' lang='lat' dir='ltr'><strong>quia</strong></span> <span class='ocrx_word' id='word_1_193' title='bbox 880 2906 912 2964; x_wconf 90' lang='lat' dir='ltr'><strong>in</strong></span> 
     </span>
     <span class='ocr_line' id='line_1_29' title="bbox 155 2997 912 3080; baseline 0 -24"><span class='ocrx_word' id='word_1_194' title='bbox 155 3010 324 3080; x_wconf 68' lang='lat' dir='ltr'><strong>»potestate</strong></span> <span class='ocrx_word' id='word_1_195' title='bbox 336 3001 440 3062; x_wconf 86' lang='lat' dir='ltr'><strong>vinum</strong></span> <span class='ocrx_word' id='word_1_196' title='bbox 457 3019 517 3058; x_wconf 92' lang='lat' dir='ltr'><strong>non</strong></span> <span class='ocrx_word' id='word_1_197' title='bbox 528 2997 642 3058; x_wconf 87' lang='lat' dir='ltr'><strong>habetis</strong></span> <span class='ocrx_word' id='word_1_198' title='bbox 658 3017 666 3056; x_wconf 81' lang='lat' dir='ltr'><strong>t</strong></span> <span class='ocrx_word' id='word_1_199' title='bbox 681 3017 748 3057; x_wconf 87' lang='lat' dir='ltr'><strong>cunr</strong></span> <span class='ocrx_word' id='word_1_200' title='bbox 761 3009 859 3057; x_wconf 87' lang='lat' dir='ltr'><strong>autem</strong></span> <span class='ocrx_word' id='word_1_201' title='bbox 874 2998 912 3058; x_wconf 87' lang='lat' dir='ltr'><strong>ad</strong></span> 
     </span>
     <span class='ocr_line' id='line_1_30' title="bbox 155 3089 912 3170; baseline 0 -23"><span class='ocrx_word' id='word_1_202' title='bbox 155 3120 166 3146; x_wconf 67' lang='grc' dir='ltr'><strong>υ</strong></span> <span class='ocrx_word' id='word_1_203' title='bbox 180 3090 300 3150; x_wconf 86' lang='lat' dir='ltr'><strong>maritos</strong></span> <span class='ocrx_word' id='word_1_204' title='bbox 314 3091 463 3164; x_wconf 88' lang='lat' dir='ltr'><strong>veneritis,</strong></span> <span class='ocrx_word' id='word_1_205' title='bbox 471 3090 554 3150; x_wconf 84' lang='lat' dir='ltr'><strong>factae</strong></span> <span class='ocrx_word' id='word_1_206' title='bbox 567 3089 692 3149; x_wconf 83' lang='lat' dir='ltr'><strong>dominae</strong></span> <span class='ocrx_word' id='word_1_207' title='bbox 704 3089 912 3170; x_wconf 85' lang='lat' dir='ltr'><strong>apothecarum</strong></span> 
     </span>
     <span class='ocr_line' id='line_1_31' title="bbox 155 3180 911 3263; baseline 0.003 -25"><span class='ocrx_word' id='word_1_208' title='bbox 155 3195 211 3243; x_wconf 79' lang='lat' dir='ltr'><strong>»et</strong></span> <span class='ocrx_word' id='word_1_209' title='bbox 229 3182 428 3255; x_wconf 85' lang='lat' dir='ltr'><strong>cellariorum,</strong></span> <span class='ocrx_word' id='word_1_210' title='bbox 442 3201 518 3263; x_wconf 83' lang='lat' dir='ltr'><strong>aqua</strong></span> <span class='ocrx_word' id='word_1_211' title='bbox 535 3180 680 3252; x_wconf 80' lang='lat' dir='ltr'><strong>sordebit3</strong></span> <span class='ocrx_word' id='word_1_212' title='bbox 702 3181 753 3241; x_wconf 88' lang='lat' dir='ltr'><strong>sed</strong></span> <span class='ocrx_word' id='word_1_213' title='bbox 774 3197 840 3240; x_wconf 81' lang='lat' dir='ltr'><strong>mos</strong></span> <span class='ocrx_word' id='word_1_214' title='bbox 858 3198 911 3258; x_wconf 88' lang='lat' dir='ltr'><strong>po·</strong></span> 
     </span>
     <span class='ocr_line' id='line_1_32' title="bbox 772 3287 889 3332; baseline 0 0"><span class='ocrx_word' id='word_1_215' title='bbox 772 3287 805 3332; x_wconf 82' lang='lat'><strong>22</strong></span> <span class='ocrx_word' id='word_1_216' title='bbox 879 3294 889 3313; x_wconf 56' lang='lat'><em>2</em></span> 
     </span>
    </p>
   </div>
   <div class='ocr_carea' id='block_1_5' title="bbox 0 0 1182 4018">
    <p class='ocr_par' dir='ltr' id='par_1_5' title="bbox 0 0 1182 4018">
     <span class='ocr_line' id='line_1_33' title="bbox 0 0 1182 4018; baseline 0 2"><span class='ocrx_word' id='word_1_217' title='bbox 0 0 1182 4018; x_wconf 95' lang='lat' dir='ltr'><strong> </strong></span> 
     </span>
    </p>
   </div>
  </div>
 </body>
</html>
