2316 4020
332 367 586 418 CONFESSIONUM
603 371 698 420 LIBER
715 373 759 419 Vl.
878 373 924 418 165

164 487 255 526 sarem
274 487 362 526 aures
377 480 500 540 tuaspet
517 468 578 526 lide
589 469 679 528 solida
698 470 729 528 in
743 483 771 528 te
782 470 926 548 J'attarem

165 577 265 616 curam
282 577 390 619 meam.

364 679 368 687 ’
434 704 568 769 cnrur
588 709 663 770 an.

159 868 293 920 contentio
307 865 500 934 inter'Alypiutn
512 875 537 917 et
550 859 754 933 Augustinum'de
766 869 919 921 matrimonio

466 957 492 998 et
504 947 622 998 celibatu,

198 1093 249 1150 21.
273 1093 454 1152 Prohibebat
476 1113 523 1152 me
545 1113 613 1152 sane
629 1095 753 1173 Alypius
777 1093 813 1153 ab
833 1115 925 1154 uxore

158 1183 315 1256 ducenda,
329 1183 470 1242 causans*
491 1184 571 1242 nullo
593 1185 681 1244 modo
701 1205 754 1253 uos
772 1205 857 1264 posse
876 1208 923 1246 se—

157 1293 235 1332 curo
251 1273 315 1332 otio
329 1274 414 1332 simul
427 1275 458 1332 in
465 1293 564 1332 amore
576 1274 724 1354 sapientiae
740 1275 853 1346 vivere,
868 1278 926 1334 sie—

157 1378 193 1424 ut
209 1364 276 1442 jam
289 1364 342 1422 diu
352 1365 600 1439 desideraremus,
611 1367 634 1424 si
648 1366 679 1423 id
695 1366 836 1451 fecissem.
855 1371 926 1426 Erat

157 1454 240 1514 enim
255 1455 319 1532 ipse
340 1456 370 1512 in
384 1474 418 1513 ea
438 1475 472 1514 re
485 1455 572 1513 etiam
589 1467 658 1513 tunc
682 1455 870 1531 castissimus,
884 1457 925 1514 ita

157 1557 194 1603 ut
209 1544 320 1603 mirum
334 1557 421 1616 esset;
441 1546 510 1622 quia
525 1545 572 1607 ¹vel
587 1545 794 1624 experientiam
814 1565 924 1604 concu-

154 1636 243 1696 bitus
255 1648 373 1714 ceperat
386 1637 417 1695 in
428 1638 559 1714 ingressu
574 1634 774 1696 adolescentia
786 1656 859 1708 suae,
873 1639 924 1695 sed

159 1749 222 1788 non
242 1729 380 1800 haeserat3
397 1729 545 1808 magisque
560 1729 694 1789 doluerat
715 1739 744 1785 et
760 1741 923 1804 spreverat,

160 1833 193 1876 et
208 1819 315 1876 deinde
327 1818 388 1896 jam
403 1821 648 1879 continentissime
657 1817 783 1876 vivebat.
799 1821 861 1896 Ego
871 1837 924 1876 au-

160 1923 223 1968 tem
238 1909 407 1968 resistebam
427 1910 485 1984 illi,
504 1909 644 1988 exemplis
666 1927 767 1986 corum
786 1905 837 1984 qui
852 1929 923 1984 con7

156 1999 257 2078 jugati
272 2000 427 2061 coluissent
447 2001 637 2079 sapientiam,
655 2013 684 2058 et
697 1997 925 2077 promeruissent

161 2094 275 2160 Deum,
299 2103 329 2148 et
355 2090 522 2150 habuissent
544 2091 670 2149 fideliter
697 2110 732 2148 ac
758 2089 954 2162 dilexissent,

163 2182 281 2240 amicos
291 2186 317 2239 A
326 2201 452 2259 quorum
465 2201 518 2260 ego
529 2181 647 2259 quidem
661 2181 823 2260 granditate
836 2180 925 2238 animi

163 2275 251 2352 longe
275 2271 393 2331 aberam
419 2296 425 2328 ι
449 2285 479 2329 et
501 2271 644 2349 deligatus
667 2271 806 2332 *morbo
829 2271 923 2330 carnis

162 2365 317 2424 mortifera
330 2364 488 2436 suavitate,
503 2363 654 2422 trahebam
669 2378 799 2423 catenam
815 2384 924 2435 meam,

162 2455 240 2514 solvi
255 2455 370 2526 timens,
385 2465 414 2512 et
430 2453 512 2532 quasi
531 2449 671 2513 concusso
687 2455 809 2512 vulnere
823 2455 923 2530 repel-

162 2533 226 2606 lens
252 2544 344 2604 verba
367 2544 441 2604 bene
460 2545 623 2618 suadentis,
644 2558 781 2622 tanquam
807 2563 925 2602 manum

162 2636 311 2695 solventis.
333 2639 456 2714 Insuper
475 2636 567 2696 ctiam
589 2654 642 2714 per
659 2653 705 2692 me
728 2633 924 2709 ipsi-quoque

163 2729 273 2804 Alypio
284 2726 460 2805 loquebatur
472 2746 604 2805 serpens,
617 2737 647 2784 et
657 2721 823 2782 innectebat
836 2733 924 2801 atquc

164 2816 322 2895 spargebat
333 2837 386 2896 per
400 2817 528 2897 linguam
540 2834 634 2874 meam
650 2814 749 2886 dulces
763 2813 882 2892 laqueos
894 2816 924 2874 in

166 2905 213 2966 via
232 2905 308 2985 ejus,
323 2907 432 2986 quibus
450 2907 494 2970 illi
509 2905 624 2966 honesti
645 2916 675 2965 et
692 2903 821 2982 expediti
835 2905 924 2982 pedes

165 2995 395 3074 implicarentur.

205 3083 255 3143 22.
277 3089 350 3146 Cum
365 3086 442 3145 enim
455 3105 502 3145 me
513 3085 563 3147 ille
577 3086 745 3158 miraretur,
760 3102 848 3162 quem
866 3101 925 3140 non
