2326 4020
317 430 573 480 CONFESSIONUM
591 432 685 480 LIBER
703 433 747 478 111.
883 439 914 482 65

150 553 241 606 meas,
254 545 286 592 et
296 545 368 590 vota
381 551 415 590 ac
431 531 576 591 desideria
589 553 654 592 mea
665 533 735 596 lecit
749 532 813 591 alia.
826 535 916 594 Viluit

148 623 221 682 mibi
239 633 363 700 repente
377 620 471 679 omnis
485 640 654 700 vana'spes,
671 634 700 680 et
710 623 914 684 immortalite·
945 637 949 646 '

148 725 207 772 tem
224 711 376 790 sapientiae
400 711 646 790 concupiscebam
663 726 733 772 aestu
754 713 851 772 cordis
866 716 913 772 in—

148 801 301 873 credibili,
312 814 342 859 et
356 821 477 878 surgere
490 820 635 879 coeperam
645 814 678 862 ut
689 801 726 860 ad
736 815 764 860 te
774 804 910 864 redirem.

149 896 218 950 Non
230 893 306 950 enim
319 891 359 950 ad
370 891 532 950 acuendam
543 892 688 970 linguam,
700 894 780 972 quod
791 895 912 956 videbar

152 983 403 1043 emerematernis
425 982 624 1057 mercedibus,
640 1005 706 1044 cum
723 1005 839 1064 agerem
860 996 918 1044 an-'

150 1093 220 1131 num
231 1071 327 1132 aetatis
334 1071 595 1150 undevigesimum,
602 1073 662 1150 jam
678 1073 816 1134 defuncto
829 1088 911 1152 patre

149 1174 215 1220 ante
225 1160 379 1221 biennium
391 1184 399 1218 z
409 1167 469 1220 uon
480 1181 549 1241 ergo
562 1161 600 1220 ad
611 1164 771 1222 'acuendam
783 1166 911 1244 linguam

148 1251 314 1311 referebam
329 1252 413 1309 illurn
432 1250 557 1326 librum;
576 1273 671 1330 neque
692 1255 764 1312 mihi
787 1257 911 1315 locutio-

148 1362 231 1415 nem,
246 1343 298 1402 sed
315 1340 396 1420 quod
409 1341 587 1420 loquebatur
599 1353 788 1422 persuaserat.

188 1433 217 1489 8.
240 1431 397 1505 Quomodo
420 1430 573 1505 ardebam,
603 1437 682 1492 Deu's
709 1454 806 1503 meus,
833 1455 910 1510 quo-

148 1522 238 1580 modo
250 1521 391 1589 ardebam
403 1523 534 1581 revolare
546 1543 564 1581 a
576 1525 697 1583 terrenis
711 1524 749 1583 ad
764 1537 807 1597 te3
822 1537 912 1582 etue-

148 1611 282 1670 sciebam·
292 1613 365 1690 quid
381 1615 480 1690 ageres
494 1617 621 1672 mecum!
632 1615 719 1692 Apud
734 1627 761 1672 te
776 1628 819 1672 est
834 1617 910 1674 enim

148 1703 300 1780 sapientia.
317 1706 408 1759 Amor
430 1713 531 1760 autem·
548 1704 695 1782 sapientiae
713 1723 818 1760 nomen
835 1723 910 1778 grae-

148 1812 216 1851 cum
232 1791 325 1850 habet
343 1800 488 1869 φιλοσοφίαν,
507 1812 566 1870 quo
581 1813 627 1850 me
642 1789 841 1850 accendebant
854 1791 910 1850 illae

146 1884 263 1942 litterae.
286 1884 360 1939 Sunt
383 1880 434 1958 qui
450 1881 590 1941 seducant
609 1901 663 1960 per
680 1880 910 1959 philosophiam,

147 1991 254 2049 magno
269 1983 299 2029 et
313 1969 424 2029 blando
438 1983 466 2028 et
480 1971 602 2030 honesto
616 1971 732 2029 nomine
747 1971 910 2030 colorantes

148 2076 179 2120 et
191 2065 321 2122 fucantes
337 2053 455 2120 errores'
468 2083 557 2123 suos:
574 2077 603 2123 et
624 2084 718 2142 prope
741 2083 841 2122 omues
858 2066 910 2140 qui

148 2174 185 2212 ex
197 2153 255 2212 illis
269 2166 300 2212 et
312 2173 403 2232 supra
416 2153 595 2233 temporibus
609 2155 687 2214 tales
696 2167 796 2238 erant,
808 2167 910 2212 notan-

148 2256 196 2304 tur
209 2245 247 2303 in
255 2264 296 2302 eo
304 2243 383 2302 libro
394 2256 425 2302 et
438 2244 688 2316 demonstrantur3
700 2257 729 2302 et
745 2234 909 2304 manifesta-

147 2333 252 2393 turibi
266 2334 416 2392 salutifera
425 2333 476 2391 illa
488 2333 646 2393 admonitio
659 2335 782 2412 Spiritus
799 2335 841 2392 tui
856 2353 909 2411 per

147 2445 273 2498 servum,
282 2437 366 2483 tuum
379 2423 492 2482 bonum
506 2436 536 2482 et
548 2426 632 2503 pium
648 2439 654 2481 ε·
675 2430 776 2482 Videte·
790 2428 826 2481 rie
847 2431 909 2500 quir

147 2537 202 2574 voc
213 2519 340 2592 decipiat
349 2527 409 2592 per
415 2516 627 2591 philosophiam
646 2529 673 2572 et
686 2523 807 2573 finenem
827 2518 909 2570 sedu-

149 2613 282 2676 ctionem,
299 2607 450 2678 secuudum
478 2608 656 2664 traditionem
685 2607 839 2674 hominum,
860 2624 907 2660 se-

149 2699 271 2756 cundum
281 2699 418 2752 elementa
432 2696 514 2768 hujus
528 2699 640 2776 mundi,
653 2707 744 2751 etnon
756 2696 908 2750 secundum
929 2729 945 2774 ¹.

151 2787 289 2846 Christum
294 2809 307 2856 ,·
328 2793 396 2862 quia
416 2792 521 2862 inipso
543 2784 692 2842 inhabitat
706 2789 798 2841 omnis
810 2786 908 2859 plem-

147 2880 212 2935 tudo
234 2881 393 2935 divinitatis
410 2880 620 2952 corporalium.
641 2879 678 2932 Et
696 2894 750 2954 ego
766 2874 817 2934 illo
836 2887 906 2932 tem-

148 2988 232 3046 pore,
250 2969 307 3028 scis
321 2980 366 3040 tu,
380 2968 478 3028 lumen
491 2966 586 3027 cordis
602 2965 821 3044 mei,quoniam
835 2985 908 3022 non·
1006 3041 1009 3048 Ι

184 3163 191 3187 ¹
202 3153 294 3204 Coloss.
304 3169 337 3213 u,
350 3158 378 3212 8,
393 3157 417 3202 9.

781 3253 795 3292 6
