2352 4094
330 447 582 504 CONFESSIONUM
599 445 695 502 Hm
712 451 771 500 XII.
881 447 930 499 417

173 558 276 629 tatem,
287 567 412 634 propter
425 573 513 633 quarn
533 545 610 614 dixit
621 554 733 625 omnia,
752 546 836 629 cuim
855 548 933 624 dictu

173 665 312 707 conamur
325 664 482 726 exponere.
576 668 580 672 ·

411 789 546 878 meur
567 812 687 879 xxm.

342 980 392 1044 Qui
405 995 483 1032 termo
503 949 588 1029 deceat
600 974 775 1050 scripturam„
857 959 860 967 i

213 1128 261 1187 36.
274 1131 310 1187 Et
324 1140 420 1188 tamen
430 1116 502 1210 ego,
516 1130 595 1188 Deus
609 1147 705 1200 meus,
718 1127 862 1188 celsitudo
876 1123 933 1186 hu·

172 1218 300 1277 militatis
311 1235 394 1291 mear,
410 1230 439 1276 et
453 1215 568 1296 requies
579 1214 689 1276 laboris
700 1218 771 1291 mei,
785 1213 836 1296 qui
849 1217 949 1276 audis·

172 1308 364 1368 confessiones
385 1328 481 1381 meas,
506 1320 535 1367 et
560 1308 681 1369 dimittis
706 1320 828 1388 peccata
853 1327 933 1381 mea3

171 1399 308 1477 quoniam
329 1412 362 1458 tu
384 1399 457 1459 mihi
481 1399 614 1477 praecipis
634 1411 667 1458 ut
688 1397 806 1482 diiigam
830 1399 934 1478 proxi-

121 1553 128 1563 ,
171 1510 250 1549 mum
273 1509 370 1552 meum
389 1489 464 1550 sicut
484 1489 647 1567 meipsum,
664 1509 722 1548 non
739 1509 858 1568 possum
876 1491 933 1547 mi-

170 1599 224 1640 nus
243 1581 363 1641 eredere
377 1580 414 1638 de
427 1581 529 1656 Moyse
550 1577 718 1636 fidelissimo
738 1578 848 1640 famulo
867 1591 933 1651 tuo,

170 1691 258 1750 quam
273 1670 345 1730 mihi
354 1681 486 1754 optarem
498 1686 533 1726 ae
546 1664 742 1728 desiderarem
756 1667 809 1727 abs
826 1679 855 1728 te
869 1667 934 1729 dari
1029 1665 1031 1670 ’

170 1761 314 1835 muneris,
332 1760 357 1820 si
376 1750 508 1840 tempore
519 1759 569 1818 iilo
587 1773 673 1819 natus
688 1777 782 1820 essem
798 1777 857 1838 quo
869 1759 933 1833 iiie,

169 1874 264 1933 eoque
277 1855 343 1915 loco
358 1873 405 1911 me
421 1851 630 1925 constituisses,
646 1865 680 1910 ut
692 1869 747 1931 per
761 1852 933 1912 servitutem

170 1943 267 2004 cordis
286 1965 320 2004 ac
337 1943 443 2024 linguae
460 1949 547 2016 meae,
566 1943 684 2002 Litterae
704 1943 761 2002 ittae
781 1942 933 2022 dispensa-

170 2048 279 2110 rentur,
290 2056 355 2116 quae
369 2045 449 2094 tanto
463 2047 530 2113 post
541 2047 637 2094 essent
649 2031 784 2094 omnibus
796 2033 932 2114 gentibus

169 2127 344 2204 profuturae,
358 2131 388 2186 et
401 2125 456 2205 p'er
469 2123 638 2186 universum
658 2126 761 2185 orbem
776 2137 857 2184 tanto
878 2145 933 2184 au-

169 2203 311 2276 ctoritatis
330 2213 455 2275 eulmine
475 2215 606 2274 omnium
628 2215 766 2275 falsarum
787 2213 932 2294 superba-

169 2326 293 2386 rumque
303 2305 502 2365 doctrinarum
514 2305 608 2364 verba
618 2317 807 2384 superaturae.
820 2305 931 2366 Vellem

168 2397 295 2476 quippe,
311 2397 335 2457 si
357 2410 426 2456 tunc
445 2405 499 2475 ego
515 2396 609 2456 ess'em¹
621 2402 752 2476 Moyses,
766 2397 814 2478 (ex
828 2395 931 2456 eadem

168 2507 294 2564 namque
318 2509 413 2548 massa
435 2509 536 2547 omnes
562 2489 712 2561 venimus;
737 2487 861 2566 etquid
888 2499 932 2546 est

168 2575 268 2650 homo,
277 2577 337 2636 uisi
345 2579 414 2656 quia
428 2598 540 2637 mernor
551 2599 586 2638 es
595 2579 658 2659 ejus
668 2579 713 2660 Ψ)
727 2581 832 2637 vellem
844 2597 930 2657 ergo,

169 2665 192 2724 si
214 2677 283 2724 tunc
304 2686 359 2744 ego
381 2687 472 2726 essem
495 2667 576 2745 quod
595 2669 662 2739 ille,
685 2667 808 2726 etmihi
831 2665 930 2726 abste

169 2757 315 2816 Geneseos
330 2755 406 2816 liber
423 2757 595 2816 scribendus
614 2757 828 2836 injungeretur,
841 2759 930 2818 talem

169 2843 241 2904 mihi
253 2845 409 2928 eloquendi
421 2847 587 2906 facultatem
600 2847 679 2921 dari,
690 2843 719 2907 et
731 2868 799 2907 eum
812 2845 929 2908 texendi

167 2937 308 2998 sermonis
331 2937 468 3024 modum,
492 2951 525 2996 ut
547 2959 643 3018 neque
663 2939 703 2998 illi
726 2938 778 3020 qui
796 2939 928 2999 nondum

168 3039 280 3106 queunt
297 3029 459 3110 intelligere
473 3029 721 3109 quemadmodum
735 3025 817 3092 Deus
836 3044 926 3106 creat,

205 3207 213 3234 ¹
227 3199 290 3250 Peri.
305 3211 366 3260 rm,
382 3203 408 3250 5.
