2316 4020
253 411 301 460 rra
433 411 822 488 emmeramensem

250 531 307 589 qua
321 531 364 582 es,
377 493 630 589 incorruptibilem
647 513 791 585 dicerent;
801 512 872 570 falsa
884 530 945 570 esse
955 512 1008 572 ilia
1085 590 1086 593 Ἰ
1156 591 1157 606 ¹

249 601 346 660 omnia
359 615 388 660 et
399 601 609 661 exsecrabilia:
623 604 648 662 si
659 618 756 664 autem
768 600 988 680 corruptibilem
998 625 1007 674 ;

249 691 377 769 idipsum
388 691 450 769 jam
462 691 571 770 falsum¹
586 704 615 750 et
633 695 728 771 prima
746 713 820 752 voce
834 691 1008 750 abominan-

250 781 329 839 dum.
350 785 399 840 Sat
416 802 485 860 ergo
505 795 568 840 erat
589 783 667 842 istud
687 783 826 842 adversus
846 802 894 840 eos
912 783 1007 840 omni-

250 871 337 931 modo
351 871 527 930 evomendos
541 892 709 950 apressura
721 873 857 952 pectoris,
870 872 1009 950 quianon

249 961 397 1028 habebant
415 983 475 1039 qua
492 963 606 1020 exirent
623 965 683 1022 sine
702 964 837 1022 horribili
854 962 1008 1040 sacrilegio

250 1051 346 1110 cordis
369 1065 398 1110 et
415 1053 534 1130 linguae,
555 1054 706 1112 sentiendo
728 1054 765 1113 de
789 1067 817 1114 te
838 1053 893 1112 ista
913 1064 942 1110 et
961 1052 1008 1109 io.-

250 1142 375 1218 quando.

522 1288 656 1350 CAPUT
677 1287 736 1350 III.

398 1445 512 1496 Liberum
528 1446 658 1498 arbitrium
671 1461 742 1520 causa
758 1445 857 1514 peccati.
931 1424 937 1433 ’

273 1605 276 1613 “
291 1588 319 1647 4.
339 1587 395 1647 Sed
410 1601 439 1646 et
459 1609 513 1668 ego
525 1591 634 1664 adhuc,
650 1589 782 1668 quamvis
793 1587 1010 1647 incontamina-v

250 1675 339 1736 bilem
348 1691 377 1736 et
390 1679 656 1752 iunonvertibilem,
671 1693 700 1738 et
711 1681 792 1737 nulla
803 1689 934 1755 exparte
945 1696 1009 1736 mu·

250 1766 369 1826 tabilem
383 1769 523 1842 dicerem,
537 1773 678 1846 firmeque
697 1769 833 1826 sentirem
847 1765 1005 1826 Dominum

250 1871 381 1916 nostrum
399 1864 493 1916 Deum
510 1877 627 1929 verum,
651 1857 702 1934 qui
721 1839 815 1914 fecisti
834 1874 894 1912 non
911 1854 1007 1913 solum

251 1949 360 2007 animas
372 1959 497 2020 nostras,
512 1947 563 2004 sed
575 1947 661 2005 etiam
676 1965 814 2023 corpora,
828 1963 882 2002 nec
892 1931 1007 2038 tautum

251 2039 360 2096 animas
367 2049 479 2095 nostras
490 2048 520 2093 et
532 2055 670 2113 corpora,
682 2037 733 2095 sed
744 2054 844 2094 ornnes
856 2047 885 2092 et
895 2034 1007 2108 omuia;

250 2145 309 2188 non
325 2123 460 2184 tenebam
480 2125 647 2206 explicitam
669 2136 698 2184 et
713 2126 868 2187 enodatam
886 2143 1008 2198 eausam,

251 2214 319 2270 mali
330 2235 337 2268 τ
348 2233 537 2290 quaecumque
557 2227 653 2274 tamen
670 2196 759 2289 eised,
781 2207 823 2280 iic
838 2229 904 2272 'eam
923 2233 1007 2292 quae-

244 2295 370 2360 ,rendam
383 2303 536 2378 videbam,
550 2318 584 2364 ut
597 2327 656 2366 nou
667 2308 813 2385 perillam
828 2305 1008 2382 'constringe-

250 2412 299 2450 rer
310 2394 681 2458 Deum'incommutabilem
693 2396 863 2473 mutabilem
871 2393 1006 2468 credere,

249 2500 286 2538 ue
299 2481 362 2559 ipse
377 2483 476 2542 fierem
491 2486 572 2562 quod
587 2487 763 2563 quaerebam.
774 2489 877 2572 Itaque
887 2481 1007 2544 s'ecurus

250 2589 314 2639 eam
329 2573 513 2649 quaerebam,
528 2589 557 2634 et
569 2584 665 2635 certus
675 2592 916 2639 nonesseverum
926 2575 1007 2652 quod

249 2660 291 2719 illi
305 2661 456 2747 dicerent,
470 2686 543 2743 quos
566 2679 627 2725 toto
641 2668 737 2726 auimo
747 2666 917 2744 ¹fugiebam,
936 2665 1008 2743 quia

249 2750 400 2824 videbam,
431 2756 589 2831 quaerendo
621 2757 699 2815 unde
726 2758 849 2827 malum,
879 2755 1008 2833 repletos

249 2841 372 2914 malitia,
388 2846 747 2923 quaepinareuturauam
767 2844 1008 2925 potiussubstaur

251 2927 320 2987 tiam
334 2933 408 2990 male
418 2935 502 3011 pati,
515 2954 603 3012 quam
618 2956 700 2994 suam
715 2937 792 3007 male
807 2937 913 2995 iacere.

290 3021 318 3078 5.
333 3025 370 3080 Et
382 3019 568 3084 intendebam
588 3039 621 3085 ut
639 3017 794 3088 cernerem
806 3026 886 3105 quod
902 3025 1006 3086 audieq

249 3108 334 3185 bam,
348 3111 474 3174 liberum
486 3116 642 3178 voluntatis
653 3117 806 3181 arbitrium
817 3107 933 3179 causam
944 3136 1009 3176 esse
