2384 4052
271 455 321 501 306
455 449 480 498 S.
499 446 684 496 AUGUSTINI
701 446 846 496 Ertscont

270 571 323 629 per
344 549 475 627 eorporis
495 566 593 604 sensus
611 548 683 604 alios
705 549 872 624 eloquentes
893 549 1027 608 animad-

270 652 419 700 vertemnt
432 650 461 696 et
480 637 613 696 delectati
634 651 700 696 sunt
714 650 742 696 et
755 639 812 696 hoe
826 656 888 697 esse
912 639 1028 699 deside-

271 744 335 790 rant
349 729 532 808 (quanquam
550 728 606 786 nisi
619 747 656 785 ex
669 728 807 786 interiore
823 727 950 786 notitia*
967 750 1027 788 non

271 821 495 890 delectarentur,
511 839 606 896 neque
619 818 676 876 hoc
695 837 757 876 esse
775 819 883 876 vellent
898 819 953 876 nisi
971 819 1025 878 de-

270 906 480 986 lectarentur);
501 907 615 966 beatam
639 926 711 965 vero
730 907 821 965 vitam
841 905 920 966 nullo
941 927 1026 968 sensu

258 999 402 1077 ¹corporis
415 998 446 1056 in
453 997 516 1056 aliis
530 999 706 1075 experimur.
715 997 862 1074 Numquid
875 997 950 1055 sieut
965 1019 1027 1056 me-

272 1089 405 1147 minimus
419 1087 578 1164 gaudium?
592 1091 724 1144 Fortasse
735 1086 785 1144 ita.
800 1090 873 1145 Nam
886 1087 1025 1164 gaudium

272 1199 367 1236 meum
380 1179 465 1236 etiam
478 1177 567 1236 tristis
581 1177 709 1249 memini,
721 1177 795 1234 sieut
806 1177 895 1235 vitam
909 1176 1024 1236 beatam

271 1270 358 1327 miser
373 1291 380 1325 ε
395 1289 488 1347 neque
499 1289 626 1346 unquam
643 1267 773 1346 corporis
791 1287 876 1326 sensu
887 1269 1025 1346 gaudium

272 1380 368 1419 meum
386 1364 432 1419 vel
450 1361 525 1432 vidi,
543 1362 591 1419 vel
605 1359 717 1432 audivi,
731 1360 778 1419 vel
797 1359 934 1419 odoratus
946 1362 1025 1433 sum,

272 1451 317 1506 vel
338 1452 468 1526 gustavi,
488 1452 534 1509 vel
561 1451 655 1526 tetigi3
682 1449 732 1508 sed
754 1463 890 1528 expertus
911 1471 975 1512 sum
994 1452 1025 1508 in

272 1541 367 1598 animo
391 1561 455 1599 meo
480 1540 597 1617 quando
618 1541 728 1598 laetatus
753 1560 831 1611 sum,
857 1553 886 1598 et
904 1540 1025 1598 adhaesit

272 1629 333 1704 ejus
347 1632 448 1688 notitia
461 1631 606 1688 memoriae
623 1648 708 1702 meae,
721 1642 754 1688 ut
766 1630 797 1687 id
809 1630 954 1688 reminisci
969 1649 1024 1687 va-

197 1731 202 1743 ·
272 1723 344 1778 leam
367 1721 521 1798 aliquando
541 1742 606 1778 cum
632 1721 848 1798 aspernatione,
870 1721 1025 1797 aliqnando

273 1832 338 1868 cum
360 1811 518 1881 desiderio,
539 1831 593 1888 pro
619 1831 718 1872 earum
738 1831 836 1870 rerum
857 1810 1024 1869 diversitate

273 1899 427 1978 dequibus
442 1919 488 1957 rue
499 1901 629 1977 gavisum
642 1917 703 1957 esse
717 1894 843 1958 memini.
857 1904 930 1957 Nam
945 1911 973 1957 et
988 1900 1025 1958 de

272 1991 406 2069 turpibus
428 1991 533 2068 gaudio
552 1991 678 2068 quodam
698 1991 833 2068 pertusus
854 1992 1024 2068 sum,quod

272 2077 347 2139 nuria
368 2082 522 2139 recordans
542 2082 668 2139 detestor
693 2094 779 2158 atque
798 2100 949 2150 exsecror;
968 2082 1024 2139 ali·-

272 2171 388 2250 quando
405 2171 441 2228 de
454 2168 537 2228 bonis
556 2182 585 2227 et
600 2171 744 2240 honestis,
760 2168 840 2246 quod
859 2165 1024 2228 desiderans

189 2283 191 2288 ·
273 2262 384 2330 recolo,
399 2262 510 2319 tametsi
525 2261 599 2320 forte
613 2281 670 2318 non
684 2259 803 2331 adsunt,
815 2272 843 2318 et
856 2260 923 2318 ideo
937 2262 1024 2318 tristis

272 2351 407 2429 gaudium
419 2352 572 2430 pristinum
583 2351 689 2410 recolo.
783 2415 784 2418 Ἴ

312 2445 360 2500 31.
381 2442 440 2502 Ubi
452 2463 522 2521 ergo
534 2457 563 2503 et
575 2443 691 2520 quando
707 2455 844 2521 expertus
856 2458 920 2500 sum
935 2439 1023 2502 vitam

272 2553 364 2592 meam
383 2532 498 2592 beatam
518 2545 550 2590 ut
572 2532 708 2592 recorder
728 2549 809 2606 eam,
829 2543 857 2590 et
875 2552 968 2591 amem
996 2547 1025 2591 et

272 2624 453 2706 desiderem?
469 2628 529 2682 Nec
547 2643 600 2701 ego
621 2635 747 2696 tantum,
762 2635 811 2680 aut
825 2642 891 2680 eum
911 2625 1023 2701 paucis,

272 2715 321 2772 sed
336 2713 413 2772 beati
433 2733 552 2793 prorsus
573 2733 672 2772 omnes
691 2732 753 2771 esse
773 2713 915 2771 volumus.
937 2714 1023 2786 Quod

272 2806 325 2862 nisi
341 2818 418 2864 certa
438 2806 540 2864 notitia
558 2824 721 2874 nossemus,
736 2809 794 2862 non
806 2815 864 2862 tam
878 2815 956 2862 certa
969 2824 1024 2863 vo·

270 2899 379 2955 luntate
392 2898 540 2956 vellemus.
550 2895 607 2956 Sed
616 2894 686 2973 quid
697 2909 739 2953 est
752 2895 808 2953 hoe
817 2894 897 2973 (prod
909 2896 933 2953 si
944 2903 1024 2974 qua}-
1112 2975 1116 2983 Ι

271 2997 352 3042 ratur
372 3005 388 3042 a
409 2985 539 3056 duobus,
559 2996 656 3042 utrum
683 2983 807 3044 militare
831 2985 938 3056 velint,
960 2985 1023 3043 fieri

271 3088 367 3152 posset
379 3089 411 3133 ut
431 3077 503 3134 alter
521 3093 621 3134 eorum
635 3076 710 3134 velle
727 3095 774 3148 se,
787 3076 859 3134 alter
872 3077 949 3134 nolle
971 3096 1021 3133 re-

271 3165 433 3242 spondeat:
453 3167 476 3224 si
499 3177 595 3224 autem
618 3164 655 3223 ab
677 3166 718 3224 eis
740 3177 900 3243 quaeratur,
922 3177 1019 3223 utrum
