2316 4020
296 451 550 514 commsroutm
568 459 662 512 smus
680 423 746 513 vr(
843 463 890 515 tm

124 567 208 624 dices
228 563 409 642 quaerimus?
425 561 519 634 unde,
532 575 583 620 aut
601 564 720 640 quando
735 581 892 644 compara-

124 657 212 714 mus?
222 671 241 714 a
253 653 363 732 quihus
377 653 536 712 sumimus?
547 657 732 730 Deputentur
742 667 892 734 tempora,

122 746 345 805 distribuantur
366 745 446 804 horu
469 761 525 822 pro
543 745 637 802 salute
654 747 766 806 animas.
787 749 891 827 Magna

124 853 193 916 spes
203 835 311 895 oborta
322 847 366 894 est
379 857 387 892 z
403 853 462 893 uun
474 835 562 893 docet
573 834 718 894 catholica
728 837 800 895 fides
810 841 890 916 quud

122 925 321 1005 putabamus,
334 925 442 985 etvani
455 924 679 998 accusabamus3
690 928 770 986 nefas
779 927 890 988 babent

122 1018 205 1077 docti
217 1017 283 1096 ejus
297 1017 418 1076 credere
434 1022 530 1076 Deum
545 1018 639 1094 figura
650 1018 771 1076 humani
787 1035 891 1096 corpo·

123 1109 163 1168 ris
190 1110 381 1168 terminatum
405 1131 414 1166 a
437 1121 468 1166 et
494 1107 663 1168 dubitamus
686 1109 805 1186 pulsare
830 1129 889 1187 quo

121 1201 298 1278 aperiantur
307 1199 683 1258 caetera?Antemcridianis
692 1198 890 1260 horis*‹ttsei-

122 1290 187 1368 pufi
200 1301 348 1367 occupant
365 1311 372 1346 :
393 1291 505 1349 caeteris
520 1291 592 1368 quid
607 1290 749 1348 facimus?
761 1307 815 1349 cur
830 1311 888 1351 non

123 1379 154 1436 id
171 1379 303 1458 agimus?
318 1379 376 1440 Sed
393 1379 510 1458 quando
527 1382 686 1440 salutamus
701 1379 809 1443 amicos
825 1401 889 1441 mu-

119 1471 211 1546 jores‚
222 1485 348 1546 quorum
359 1470 504 1549 suffragiis
512 1489 586 1548 opus
595 1470 737 1529 habemus
746 1473 759 1528 ?
767 1472 886 1548 quaudo

122 1578 323 1637 praeparamus
341 1561 422 1637 quod
443 1560 741 1618 emantscholastici?
765 1555 884 1640 quando

122 1661 295 1728 reparamus
307 1669 361 1709 nos
375 1651 469 1728 ipsos,
481 1649 612 1709 animum
624 1651 784 1710 relaxando
795 1649 835 1709 ab
845 1655 888 1710 in·

124 1743 257 1800 tentione
269 1743 424 1800 curarum?

167 1831 214 1890 19.
230 1836 354 1890 Pereaut
365 1833 476 1904 omnia,
496 1845 526 1889 et
542 1831 722 1890 dimittamus
736 1831 799 1888 haec
810 1847 886 1890 vana

120 1933 151 1980 et
168 1921 289 1980 inania:
305 1922 488 1981 conferamus
500 1941 553 1979 nos
568 1917 605 1978 ad
618 1921 710 1978 solam
724 1919 885 1998 inquisitio-

121 2031 189 2072 uem
210 2013 352 2072 veritatis.
374 2013 441 2071 Vita
459 2013 521 2072 haec
537 2011 644 2071 misera
663 2023 719 2086 cst3
739 2027 818 2070 mors
832 2013 884 2070 tn-

121 2115 213 2162 certa.
229 2105 259 2162 Si
273 2103 371 2162 subim
384 2100 525 2182 ubrepat,
541 2103 690 2182 quomodo
703 2105 773 2162 hinc
787 2103 884 2162 exibi·

120 2195 209 2252 mus?
233 2204 264 2252 et
288 2192 342 2250 ubi
366 2192 455 2250 nubis
485 2193 623 2252 discenda
649 2204 716 2251 sunt
743 2209 809 2272 quae
831 2191 883 2252 hic

119 2284 322 2362 negleximus?
344 2287 392 2340 Au
405 2299 464 2342 non
480 2283 578 2362 potius
595 2283 683 2362 hujus
702 2285 883 2363 negligentiae

119 2375 267 2453 supplicia
292 2373 399 2432 luenda
429 2375 513 2433 sunt?
538 2374 631 2449 Quid,
663 2377 687 2434 si
714 2368 792 2434 mors
818 2375 883 2454 ipsu

118 2481 239 2525 ornnem
250 2479 351 2524 curam
368 2475 436 2524 ctim
454 2484 540 2524 sensu
558 2466 723 2544 amputabit
736 2479 766 2526 ct
781 2467 883 2524 finiet?

119 2561 200 2636 Ergo
212 2567 243 2614 et
261 2557 318 2614 hoc
335 2555 534 2634 quaerendum.
554 2557 610 2615 Sed
632 2556 709 2617 absit
725 2568 760 2614 ut
780 2556 822 2614 ita
835 2556 880 2614 s'it.

119 2652 187 2706 Non
206 2659 309 2716 vacat,
329 2666 388 2705 uon
404 2639 449 2705 est
463 2648 549 2705 inane
574 2645 655 2724 quod
678 2659 737 2705 tarn
754 2645 883 2704 eminens

120 2737 240 2795 culmen
258 2735 441 2802 auctoritatis
457 2734 622 2794 christianae
642 2735 711 2792 fidei
728 2745 791 2791 toto
810 2732 883 2808 orbe

119 2825 306 2884 diffunditur.
326 2825 483 2902 Nunquam
502 2831 582 2884 tauta
597 2837 626 2882 et
642 2825 711 2882 talia
724 2841 779 2900 pro
796 2821 882 2883 nobis

120 2913 261 2974 divinitus
270 2927 435 2992 agerenmr,
445 2915 469 2973 si
478 2927 573 2974 morte
583 2913 714 2992 corporis
723 2914 810 2973 ctiam
822 2914 882 2973 vin

120 3005 225 3064 animas
248 3017 478 3064 consumeretur.
501 3003 579 3080 Quid
602 3017 773 3064 cunctamur
793 3001 882 3082 igitur

121 3095 225 3154 relicta
243 3114 295 3173 spe
311 3095 422 3168 sacculi,
437 3094 570 3153 conferre
585 3115 638 3176 nus
659 3106 735 3153 totos
753 3093 790 3152 ad
805 3101 882 3170 qu'ae*
900 3169 903 3176 Χ

120 3185 247 3245 rendum
259 3189 357 3246 Deum
368 3198 398 3244 et
408 3181 640 3245 vitambeatam?
650 3185 707 3246 Sed
720 3194 858 3262 exspecta
873 3201 893 3272 a·
