2352 4094
261 405 312 453 392
446 403 471 450 S.
489 401 669 452 AUGUSTINI
686 402 829 453 EPISCOPI

261 515 340 560 tuam
355 512 421 580 post
432 519 480 558 me
489 513 522 559 ut
533 501 668 576 redirem,
681 515 710 562 et
717 503 769 562 vix
783 501 882 561 audivi
896 515 1031 581 propter

262 590 402 650 tumultus
422 591 634 670 impacatorum
646 595 667 651 *.
687 597 724 651 Et
744 613 822 652 nunc
842 614 910 652 ecce
930 593 1029 654 redeo

262 695 385 741 aestuans
406 694 435 740 et
457 683 595 742 anhelans
620 684 658 743 ad
682 684 791 744 fontem
813 697 905 742 tuum.
928 683 1030 742 Nemo

262 792 308 831 me
331 771 505 849 prohibeat,
524 773 603 834 hunc
624 773 741 848 bibam,
765 787 794 834 et
818 774 887 833 hinc
913 775 1027 832 vivam.

262 869 327 924 Non
343 883 397 942 ego
412 865 473 923 vita
490 884 554 923 mea
567 865 635 938 sim,
651 866 725 924 male
738 864 799 924 vixi
818 885 855 924 ex
871 884 927 938 me,
942 884 1029 924 mors

263 954 333 1014 mihi
358 954 401 1012 fui
415 975 422 1010 :
437 955 469 1013 in
489 966 517 1012 te
539 955 712 1014 revivisco*.
732 961 776 1014 Tu
795 975 842 1014 me
860 955 1029 1032 alloquere,

264 1057 296 1104 tu
311 1045 389 1103 ‘mihi
409 1047 613 1106 sermocinare.
638 1047 756 1114 Credidi
776 1045 873 1106 Libris
896 1045 966 1117 tuis,
995 1055 1028 1103 et

263 1135 355 1196 verba
373 1157 476 1196 eorum
495 1157 601 1198 aroana
619 1137 716 1198 valde.

534 1296 668 1382 orror
689 1316 748 1379 xr.

496 1465 562 1530 Quid
579 1483 594 1518 a
608 1470 661 1518 Deo
672 1463 790 1516 didicerit.

308 1617 353 1674 ll.
366 1621 430 1677 Jam
449 1615 548 1675 dixisti
560 1617 645 1688 mihi,
660 1615 798 1687 Domine,
811 1633 885 1672 voce
906 1614 973 1673 lorti
992 1613 1024 1672 in

266 1725 367 1766 aurem
377 1705 556 1778 interiorem,
566 1707 635 1784 quia
646 1719 677 1764 tu
691 1717 815 1763 aeternus
827 1725 867 1777 es,
880 1704 959 1762 solus
972 1703 1025 1762 ha·

265 1796 632 1868 bensimmornliratem13
652 1795 789 1875 quoniam
806 1816 844 1854 ex
864 1795 943 1853 nulla
961 1813 1024 1873 spe

266 1887 311 1946 oie
328 1902 447 1948 motuve
464 1889 598 1960 mutaris,
618 1907 673 1946 neo
693 1885 872 1964 temporibus
893 1886 1025 1945 variatur

266 1982 401 2040 voluutas
418 1993 481 2052 tua3
500 1981 567 2058 quia
588 2001 647 2037 uon
666 1990 710 2038 est
729 1977 901 2038 immortalis
925 1977 1027 2037 voluu-

266 2082 322 2143 tas,
335 2089 400 2149 quae
413 2071 473 2129 alia
489 2083 517 2129 et
532 2071 588 2128 alia
604 2083 655 2128 est.
671 2074 734 2129 Hoc
754 2070 785 2127 in
803 2071 960 2148 ‘conspectu
974 2083 1025 2128 tuo

268 2161 358 2218 claret
371 2161 458 2232 mihi,
477 2172 506 2219 et
523 2161 613 2240 magis
633 2161 780 2238 magisque
800 2160 954 2232 clarescat,
971 2180 1024 2219 oro

268 2266 306 2324 te,
316 2264 404 2329 atque
414 2251 445 2307 in
456 2270 489 2309 ea
500 2251 730 2308 manifestatione
744 2251 895 2329 persistam
909 2251 1026 2310 sobrius

267 2341 322 2400 sub
339 2341 391 2398 alis
407 2341 474 2398 tuis.
489 2344 562 2398 Item
578 2339 677 2398 dixisti
696 2342 782 2413 mihi,
798 2343 935 2416 Domine,
952 2337 1025 2402 voce

268 2431 337 2488 lorti
347 2429 378 2486 in
394 2448 493 2487 aurem
509 2429 693 2502 interiorem,
705 2431 786 2508 quod
798 2451 897 2490 omnes
908 2445 1025 2491 naturas

268 2529 355 2598 atque
369 2517 544 2579 substantias
560 2540 624 2597 quae
639 2540 698 2580 non
712 2534 779 2579 sunt
793 2522 872 2598 quod
890 2535 981 2595 tues,
996 2537 1025 2581 et

269 2624 365 2671 tamen
381 2623 462 2682 sunt,
478 2623 510 2670 tu
531 2611 637 2683 fecisti3
655 2624 685 2669 et
700 2612 757 2670 hoo
773 2614 868 2670 solum
886 2632 903 2671 a
925 2625 952 2671 te
966 2632 1024 2671 non

270 2715 328 2773 est,
343 2695 424 2780 quod
444 2723 504 2761 non
521 2715 580 2780 est;
599 2715 754 2780 motusque
768 2702 926 2761 voluntatis
943 2722 960 2760 a
979 2715 1025 2776 te,

270 2792 322 2871 qui
335 2813 385 2866 es,
393 2794 430 2852 ad
443 2794 473 2852 id
484 2781 569 2871 'quod
582 2794 676 2852 minus
692 2805 751 2864 est,
767 2793 836 2869 quia
852 2793 916 2850 talis
931 2805 1025 2851 motus

270 2880 409 2941 delictum
428 2896 516 2960 atque
532 2895 685 2962 peceatum
704 2895 765 2954 est;
779 2894 812 2940 et·
822 2881 903 2961 quod
918 2883 1024 2941 nullius

271 2985 423 3050 peccatum
441 2985 491 3031 aut
509 2973 563 3032 tibi
581 2985 683 3048 uocet,
701 2984 752 3034 aut
769 2972 923 3052 perturbat
943 2971 1024 3031 ordi-

309 3141 522 3202 ¹1Tim.v1,16.
539 3118 541 3126 ,
