2384 4052
356 353 605 419 conrassronnu
624 367 719 418 nram
737 371 771 419 x.
892 374 940 420 307

185 470 263 528 beati
277 489 338 528 esse
354 471 460 542 velint,
476 470 538 527 fieri
553 469 643 547 possit
663 481 694 525 nt
712 482 835 546 uterque
849 474 944 529 statim

185 580 216 618 se
237 561 298 618 sine
317 559 376 617 ulla
397 557 577 618 dubitatione
597 559 674 618 dicat
697 572 815 636 optare3
828 579 882 616 nec
900 559 943 615 nb

185 650 265 708 aliud
280 649 349 708 velit
362 649 410 707 ille
424 649 564 721 militare,
578 669 632 706 nec
642 647 685 710 ‚ob
699 649 778 706 aliud
789 650 843 707 iste
857 651 943 718 nolit,

184 739 239 799 nisi
258 751 291 796 ut
308 737 387 796 beati
408 737 487 796 sint?
507 738 603 796 Nam*
618 737 692 796 forte
713 739 849 814 quoniam
872 739 943 796 alius

184 828 269 900 hinc,
287 828 360 886 alius
381 827 449 911 inde
469 826 593 904 gaudct3
613 827 654 884 ita
674 846 705 884 se
724 847 823 885 omnes
843 825 943 884 beatos

178 936 246 1000 lesse
264 917 338 975 velle
352 929 525 988 consonant,
538 915 783 993 quemadmodum
803 937 943 974 consona·
972 918 976 928 '

184 1020 261 1077 rent,
278 1007 302 1065 si
314 1007 371 1064 hoc
387 1007 643 1083 interrogarentur,
661 1026 692 1064 se
710 1007 784 1064 velle
800 1007 941 1084 gaudere,

185 1109 271 1173 atque
293 1097 389 1173 ipsum
413 1096 551 1172 gaudium
573 1096 670 1153 vitam
687 1094 801 1153 beatam
827 1111 940 1154 vocant.

184 1186 268 1261 Quod
290 1187 342 1244 etsi
364 1187 437 1244 alius
457 1187 540 1257 hinc,
562 1185 634 1244 alius
662 1185 741 1244 illinc
763 1187 941 1264 assequitur,

184 1295 274 1350 unum
289 1289 331 1335 est
345 1290 441 1335 tamen
455 1295 513 1356 quo
528 1277 682 1356 pervenire
696 1297 795 1336 omnes
810 1277 942 1335 nituntur

183 1381 216 1424 ut
234 1369 385 1446 gaudeant.
401 1373 483 1444 Quae,
498 1368 636 1446 quoniam
661 1388 706 1426 res
730 1381 776 1426 est
796 1388 885 1446 quarn
912 1389 941 1426 se

183 1473 335 1539 expertum
356 1481 413 1518 non
435 1480 495 1519 esse
518 1480 603 1518 nemo
623 1472 720 1536 potest
738 1459 851 1530 dicere,
876 1481 942 1536 pro-

183 1562 282 1627 pterea
321 1562 436 1628 reperta
469 1551 499 1607 in
528 1547 667 1607 memoria
706 1549 939 1622 recognoscitur,

183 1639 298 1717 quando
314 1639 486 1736 beataeyitae
499 1658 604 1696 nomen
621 1635 746 1694 auditur.

428 1805 562 1867 cnrur
583 1805 686 1866 run.
759 1887 760 1890 Ν

396 1973 469 2020 Reum
487 1969 536 2019 vita
557 1983 623 2035 quat,
638 1968 727 2020 eturbi.

221 2119 267 2178 ³2.
289 2104 390 2191 Absit,
404 2119 544 2190 Domine,
559 2117 634 2176 absit
653 2117 770 2175 acorde
783 2120 860 2175 servi
879 2121 936 2188 tui,

181 2211 232 2288 qui
246 2211 398 2274 confitetur
413 2209 465 2268 tibi
474 2209 573 2280 ,absit
584 2222 618 2267 ut
631 2228 816 2286 quocumque
830 2208 936 2286 gaudio

181 2301 331 2378 gaudeam,
343 2300 460 2360 beatum
473 2321 519 2363 me
529 2313 639 2379 putem.
648 2303 698 2358 Est
710 2300 786 2358 enim
798 2300 935 2377 gaudium
1003 2310 1007 2316 “

179 2391 259 2469 quod
279 2409 337 2448 non
355 2389 441 2450 datur
459 2391 556 2469 impiis
568 2401 588 2460 ¹,
599 2385 650 2448 sed
673 2391 714 2448 eis
735 2390 785 2466 qui
806 2401 834 2448 te
848 2391 936 2466 gratis

180 2483 293 2548 colunt,
308 2501 434 2557 quorum
448 2482 586 2558 gaudium
601 2493 632 2540 tu
644 2482 707 2558 ipse
719 2499 758 2538 es.
771 2483 807 2536 Et
819 2481 881 2556 ipsa
896 2492 937 2534 est

180 2570 265 2628 beata
283 2572 343 2630 vita
365 2570 491 2646 gaudere
515 2572 552 2630 ad
571 2585 615 2643 te,
630 2571 668 2628 dc
685 2583 730 2640 te,
749 2582 869 2645 propter
891 2581 934 2638 tc3

181 2661 244 2736 ipsa
263 2671 323 2732 est,
344 2672 373 2718 et
389 2678 447 2716 non
467 2672 509 2718 est
528 2662 625 2718 aitera.
652 2661 709 2734 Qui
734 2669 829 2714 antem
850 2658 935 2714 aliam

169 2761 284 2824 putant
303 2769 381 2822 esse,
399 2749 477 2810 aliud
500 2761 646 2808 scetantur
665 2747 820 2825 gaudium,
842 2766 934 2825 neque

180 2839 276 2916 ipsum
289 2860 401 2900 verum.
415 2839 461 2898 Ab
476 2841 573 2918 aliqua
592 2851 687 2898 tamen
700 2837 823 2915 imagine
837 2839 934 2919 gaudii

181 2929 313 2990 voluntas
329 2950 431 2990 eorum
444 2951 502 2990 non
516 2929 666 2990 avertitur.

215 3096 228 3148 ¹¹
240 3087 295 3138 lsai.
307 3101 399 3146 xnvm,
414 3085 455 3136 22.
