2316 4020
250 438 298 486 174
430 437 464 486 8.·
474 435 657 486 AUGUSTINI
674 435 819 486 nilscorr

249 547 380 614 caperet,
395 547 447 593 aut
466 553 572 612 capere
590 549 702 612 posset,
719 535 792 594 nihil
807 555 928 615 prorsus
946 557 1009 599 esse

249 623 423 684 arbitrabar.
437 627 492 681 Per
510 624 611 701 quales
631 624 707 682 enim
728 625 838 684 formas
852 626 895 684 ire
915 625 1010 686 solent

250 715 327 775 oculi
340 715 412 786 mei,
425 734 479 792 per
494 715 565 772 tales
582 715 721 793 imagines
739 714 802 774 ibat
820 735 872 775 cor
888 735 1009 775 meum:

250 826 303 866 nec
324 804 459 864 videbam
481 804 556 868 hane
575 805 707 863 eamdem
726 804 928 879 intentionem,
951 827 1011 885 qua

248 898 313 958 illas
333 897 410 974 ipsas
432 895 572 973 imagines
584 894 774 969 formabam,
790 915 849 954 non
869 916 931 955 esse
953 897 1011 956 tale

250 987 373 1066 aliquid3
394 1007 459 1064 quaa
480 1000 576 1045 tamen
598 987 676 1064 ipsas
702 1005 761 1045 non
782 988 934 1059 sonuerat,
956 989 1011 1048 nisi
1034 1019 1037 1027 =

250 1091 325 1138 esset
340 1095 474 1156 magnum
496 1077 616 1154 aliquid.
630 1081 674 1135 Ita
693 1077 779 1136 etiam
801 1089 841 1150 te,
862 1079 923 1136 vita
943 1082 1011 1139 vitae

251 1189 332 1241 meae,
344 1167 482 1247 grandem
497 1187 551 1245 per
563 1167 676 1228 infinita
685 1167 779 1246 spatia
790 1169 922 1247 undique
930 1170 1012 1248 cogi-

252 1257 349 1317 tabam
360 1270 514 1336 penetrare
530 1269 620 1315 totam
637 1257 739 1318 mundi
753 1260 874 1332 molen,
888 1271 917 1317 et
928 1272 1012 1320 extra

251 1369 314 1408 eam
326 1368 562 1427 quaquaversum
577 1368 631 1427 per
643 1369 785 1408 Immesssa
798 1351 860 1409 Sine
874 1352 1013 1425 termino,
1074 1337 1082 1350 Ι

253 1453 285 1498 nt
304 1439 426 1498 haberet
440 1451 468 1498 te
486 1453 579 1513 torta,
594 1435 718 1541 halieiet
737 1442 857 1514 ooeium,
869 1441 1013 1512 haberent

253 1549 360 1609 omma,
367 1531 452 1590 etrlla
462 1520 660 1590 finirentur
623 1552 654 1589 ιιι
664 1545 707 1604 te,
710 1545 742 1590 tu
753 1544 849 1590 autem
858 1550 1010 1613 nusquam
1023 1593 1027 1601 ,

253 1623 335 1682 Sient
356 1635 453 1682 autem
475 1623 535 1681 luci
559 1623 627 1682 solis
650 1641 710 1681 non
731 1622 885 1686 obsisteret
903 1635 1013 1700 eorpus

254 1713 328 1772 aeris
342 1711 430 1790 hujus
442 1713 493 1791 qni
504 1733 593 1792 supra
603 1725 711 1772 terram
723 1725 767 1771 est
771 1711 946 1790 ,quominus
959 1729 1014 1790 per

252 1824 321 1862 eum
338 1803 523 1908 trajiceretur
542 1815 697 1882 penetrans
717 1822 799 1875 eum,
819 1822 878 1861 ιιοιι
897 1800 1014 1862 dirum-

254 1895 351 1972 pendo
371 1908 422 1953 aut
442 1881 638 1967 concidendo,
655 1892 705 1952 sed
721 1892 877 1970 implendo
884 1912 951 1952 eum
958 1906 1017 1961 to·

255 1997 339 2042 tum:
352 1984 393 2042 sie
408 1969 463 2041 tibi
477 1981 616 2060 putabam
628 1999 687 2040 non
706 1983 801 2040 solum
816 1981 882 2039 coeli
895 1994 925 2040 et
942 1981 1018 2041 aeris

255 2087 285 2130 et
296 2072 393 2144 maris,
404 2073 455 2130 sed
467 2073 555 2130 etiam
568 2085 652 2130 terrae
665 2092 772 2149 corpus
782 2071 932 2152 pervium,
942 2084 1018 2132 etex

159 2233 162 2237 ⁷
255 2161 389 2220 omnihus
402 2161 534 2217 maximis
546 2159 730 2237 minimisque
741 2153 874 2238 partibni
884 2174 1019 2238 penetra·

254 2251 314 2308 bile
334 2249 371 2307 ad
392 2249 563 2351 capiendam
584 2250 767 2327 praesentiam
787 2263 881 2322 tuam,
901 2251 1018 2311 occulta

256 2329 444 2417 inspiratione
464 2338 638 2398 intrinsecus
651 2351 681 2397 et
694 2340 873 2398 extrinsecus
887 2331 1045 2422 {nmini-‚²

256 2441 394 2487 strantern
404 2429 502 2487 omnia
512 2449 577 2507 quae
585 2429 699 2488 creati.
707 2433 752 2500 Ita
761 2429 940 2509 suspicabar,
947 2430 1019 2508 qnia

257 2518 384 2598 cogitare
405 2519 484 2577 aliud
497 2539 556 2579 non
578 2531 726 2598 poteram3
744 2541 809 2579 nam
824 2521 929 2579 falsam
945 2533 1017 2580 erat.

255 2609 311 2668 1110
325 2611 402 2668 onim
417 2611 505 2670 modo
519 2611 613 2689 major
624 2629 693 2690 pers
708 2625 792 2670 terrae
812 2610 953 2690 majorem
975 2613 1019 2670 tui

256 2713 369 2778 partem
387 2700 523 2774 haberet,
541 2714 570 2760 et
584 2702 725 2782 minorem
742 2701 857 2760 minor:
873 2714 961 2779 atque
977 2703 1020 2786 ita

257 2804 285 2848 te
304 2793 391 2868 plena
412 2805 507 2850 essent
521 2793 632 2864 omnia,
647 2805 681 2850 ut
693 2793 818 2869 amplius
839 2793 882 2851 tui
901 2803 1020 2869 caneret

257 2881 405 2958 elephanti
418 2903 525 2962 corpus
541 2903 628 2961 qnam
643 2883 781 2963 passeris,
790 2903 855 2961 quo
874 2895 951 2944 esset
962 2884 1032 2942 isto.

257 2971 410 3048 grandius,
424 2974 668 3051 grandioremque
681 2987 839 3054 oocuparet
851 2976 1020 3044 locnmaot·

259 3080 316 3138 que
330 3062 371 3119 ita
391 3062 533 3136 frustatim
548 3065 681 3142 partibus
696 3066 812 3138 mundi,
827 3065 939 3144 magnis
956 3081 1021 3122 ma-

259 3168 343 3228 gnas,
360 3151 502 3212 brevibus
524 3153 629 3215 breves
657 3168 755 3234 partes
778 3169 842 3216 tuas
862 3166 1020 3234 praesentes
