2354 4034
250 387 301 455 ⁴⁵0
434 395 825 452 anconitanensem

248 507 431 566 nisestatione
443 505 480 564 ad
493 504 646 563 utilitatem
660 514 679 561 ¹.
697 509 797 566 Sermo
810 516 907 563 autem
918 504 1015 565 scien
1146 531 1147 582 t

249 600 295 655 tiae
313 617 371 675 qua
393 597 578 655 continentur
598 596 696 654 omnia
715 608 913 667 sacramenta,
941 616 1014 673 quae
1146 591 1147 598 ¹

247 689 397 747 variantur
415 685 596 765 temporibus
613 699 751 764 tanquam
767 688 854 760 luna,
877 699 907 745 et
922 699 1010 746 caete-

247 797 286 836 rae
312 780 421 837 notitiae
447 779 590 836 donorum
614 797 679 856 quae
702 777 839 855 deinceps
868 790 1009 857 tanquam

246 871 336 928 stellae
357 882 583 930 commemorata
602 882 687 943 sunt,
707 881 848 947 quantum
867 869 1010 928 differunt

247 959 284 1019 ab
303 962 354 1020 illo
375 963 503 1021 candore
521 961 671 1039 sapientiae
690 981 751 1039 quo
770 961 879 1040 gaudet
898 959 1009 1038 praedi·

247 1066 310 1110 ctus
329 1053 409 1135 dies,
431 1065 544 1113 tantum
565 1053 595 1112 in
615 1053 762 1132 principio
781 1054 794 1080 *
813 1051 906 1111 noctis
929 1065 1013 1110 suntr

245 1144 296 1201 His
312 1145 389 1203 enim
406 1158 472 1205 sunt
489 1146 665 1218 necessaria,
687 1143 796 1222 quibus
809 1144 860 1202 ille
874 1143 1012 1222 prodeo-

246 1235 372 1292 tissimus
397 1255 497 1293 servus
522 1229 604 1294 tuus'
618 1256 677 1294 non
704 1237 800 1314 potuit
821 1234 904 1314 loqui
922 1237 1008 1312 quasi

245 1326 464 1402 spiritualibus,
485 1327 536 1384 sed
562 1325 645 1405 quasi
668 1327 870 1400 carnalibus2,
889 1326 938 1384 ille
953 1328 1008 1403 qui

245 1416 415 1493 sapientiam
432 1419 563 1496 loquitur
580 1419 656 1477 inter
672 1419 821 1497 perfectos
828 1418 846 1474 ³.
864 1417 1013 1496 Animalis·

245 1519 341 1566 autem
359 1509 448 1568 homo
468 1523 606 1587 tanquam
625 1511 765 1587 parvulus
786 1509 816 1566 in
832 1506 945 1566 Christo
963 1507 1008 1565 la·

244 1599 355 1682 ctisque
374 1605 510 1679 potator,
534 1600 627 1660 donec
646 1599 803 1666 roboretur
821 1599 859 1657 ad
878 1597 1005 1658 solidum

244 1689 358 1762 cibum,
376 1705 405 1750 et
419 1693 510 1752 aciem
523 1693 618 1750 firmet
632 1693 669 1751 ad
683 1693 751 1750 solis
764 1703 926 1769 aspectum,
944 1711 1011 1750 non

243 1780 351 1839 habeat
366 1783 510 1843 desertam
526 1797 647 1841 noctem
659 1787 755 1856 suani,
777 1783 828 1841 sed
844 1785 910 1841 luce
924 1783 1004 1841 lunae

242 1874 451 1951 stellarumque
485 1885 638 1934 contentus
652 1875 715 1932 sit.
749 1878 819 1932 Haec
849 1873 1006 1932 nobiscum

243 1963 390 2041 disputas,
410 1965 622 2043 sapientissime
636 1971 715 2024 Deus
734 1978 844 2040 noster,
864 1965 893 2022 in
910 1964 1004 2024 Libro

242 2065 293 2112 tuo
317 2055 500 2114 firmamento
527 2069 578 2115 tuo
591 2079 600 2129 ;
627 2070 659 2115 ut
683 2049 879 2116 discernamus
903 2057 1007 2115 omnia·

241 2147 485 2225 contemplatione
496 2146 632 2220 mirabili,
650 2148 784 2225 quamvis
801 2149 897 2208 adhuc
912 2157 943 2206 in
957 2159 1002 2209 si—

225 2289 230 2298 .
237 2233 314 2313 grn‘s,¹
331 2253 359 2295 et
368 2231 397 2295 in
413 2239 582 2316 temporibus
587 2284 597 2310 ‚
613 2254 642 2296 et
654 2247 684 2296 in
696 2241 807 2313 diebus,
823 2257 850 2300 et
863 2251 891 2299 in
905 2253 1005 2303 annis«

497 2427 631 2492 CAPUT
652 2431 739 2493 XIX.

271 2615 371 2664 Tractat
384 2614 496 2664 eumdem
513 2617 670 2677 versicuhmn
684 2618 755 2666 Fiant
772 2617 900 2668 luminaria
914 2629 960 2675 etc.

275 2782 323 2840 24.
345 2784 401 2843 Sed
423 2787 504 2863 prius
525 2787 673 2860 lavamini,
690 2789 793 2847 muudi
814 2803 919 2863 estote3
939 2811 996 2850 au-

234 2873 307 2931 ferte
319 2875 478 2951 nequitiam
494 2876 531 2936 ab
547 2878 648 2936 animis
664 2880 777 2951 vestris,
791 2893 878 2958 atque
891 2901 909 2938 a
924 2903 996 2941 con-

233 2975 335 3040 spectu
352 2965 505 3025 oculorum
527 2987 673 3040 meorum,
690 2982 723 3026 ut
742 2986 883 3047 apparent
897 2978 994 3032 arida.

269 3157 428 3218 ‘ICor.x11‚
442 3161 513 3208 7-11.
534 3138 940 3225 —21d.1u,1.-³1d'.11‚o.
