2356 4018
322 443 574 494 GONFFSIONUM
591 445 685 497 unua
703 447 760 496 vu.
871 450 922 498 tlt!
946 497 950 504 .

151 557 204 604 ota
219 556 297 616 sunt,
320 545 468 605 intellecta
493 546 713 623 conspiciuntur
719 570 727 620 ;
743 549 922 626 sempiterna

153 655 279 713 quoque
294 636 386 706 virtus
400 648 430 694 et
449 635 677 700 divnitastua1.
693 644 831 713 Quaerens
845 642 922 701 enim

153 726 239 786 unde
259 725 454 804 approbarem
473 727 722 805 pulchritudinem
745 751 923 810 corporum,

154 818 223 876 sive
239 816 409 887 coelestium,
423 817 483 874 sive
503 818 699 890 terrestrium3
716 832 745 876 et
761 821 834 898 quid
847 823 921 882 mihi

155 897 270 986 praestb
285 920 360 966 esset
376 908 488 986 integre
505 908 541 969 de
558 907 747 970 mutabilibus
765 911 920 989 judicanti,

155 1010 191 1056 et
207 994 325 1070 dicenti,
341 999 407 1056 Hoc'
425 997 466 1054 ita
487 1017 549 1056 esse
571 998 669 1070 debet,
687 998 761 1057 illud
777 1021 836 1059 non
856 1007 920 1060 ita:

155 1087 220 1145 hoc
237 1107 307 1166 ergo
321 1099 453 1164 quaerens
467 1087 545 1146 unde
555 1087 729 1166 judicarem,
743 1105 809 1149 cum
820 1091 861 1149 ita
871 1091 922 1169 ju—

156 1178 301 1250 dicarem,
312 1179 480 1236 inveneram
494 1179 764 1239 incommutabilem
778 1193 808 1238 et
820 1201 923 1242 veram

156 1267 291 1326 veritatis
300 1271 498 1348 aeternitatem,
507 1290 596 1349 supra
604 1275 729 1330 mentem
742 1289 835 1331 meam
846 1294 922 1330 com-

158 1357 342 1416 mutabilem.
363 1363 460 1436 Atque
479 1359 520 1418 ita
545 1358 686 1436 gradatim
708 1379 725 1416 a
750 1360 922 1437 corporibus

159 1446 201 1504 ad
218 1438 393 1506 sentientem·
405 1467 460 1526 per
476 1469 583 1528 corpus
597 1449 721 1507 animam
729 1471 739 1522 3
754 1462 840 1526 atque
853 1451 922 1508 inde

159 1536 201 1596 ad
211 1535 274 1614 ejus
286 1538 453 1598 interiorem
462 1539 533 1612 vim,
544 1540 592 1597 cui
601 1559 700 1597 sensus
707 1541 839 1615 corporis
847 1553 926 1598 ente-¹

161 1627 243 1687 riora
253 1629 452 1700 annuntiaret;
465 1641 494 1686 et
508 1648 661 1708 quousque
672 1639 793 1704 possunt
806 1627 921 1685 hestiae:

163 1727 253 1793 atque
268 1715 336 1774 inde
357 1725 457 1774 rursus
473 1717 509 1774 ad
523 1717 744 1774 ratiocinantem
764 1715 924 1792 potentiam

163 1806 202 1864 ad
216 1825 304 1884 quam
314 1806 443 1864 refertur
452 1803 646 1883 judicandum
662 1805 743 1880 quod
762 1804 887 1862 sumitur
907 1826 924 1863 a

164 1893 298 1952 sensibus
312 1893 452 1972 corporis.
472 1897 543 1966 Quae
555 1910 585 1948 se
596 1909 717 1968 quoque
736 1891 766 1946 in
778 1909 825 1946 me
844 1910 923 1947 corn-

165 1983 282 2060 perieus
294 1981 475 2053 mutabilem,
493 1977 588 2038 erexit
605 1999 634 2037 se
656 1979 693 2037 ad
706 1977 923 2056 intelligentiam

166 2090 248 2130 suam
256 2095 265 2144 3
279 2082 308 2129 et
322 2068 446 2128 abduxit
461 2071 663 2148 cogitationem
677 2067 924 2142 aconsuetudine,

167 2157 344 2244 subtrahens
358 2179 388 2218 se
411 2157 674 2218 contradicentibus
694 2159 786 2217 turbis
801 2159 924 2239 phanta-

168 2262 305 2322 smatum,
324 2262 357 2307 ut
381 2249 525 2306 inveniret
546 2269 604 2326 quo
624 2249 734 2310 lumine
759 2267 926 2328 aspergere-

169 2354 228 2411 tur,
239 2359 307 2399 cum
320 2338 381 2420 siue
397 2339 458 2397 ulla
470 2337 650 2422 dubi-tatione
662 2339 800 2396 clamaret
817 2338 925 2394 incom-

170 2427 309 2506 mutabile
333 2426 549 2509 praelerendum
581 2449 641 2486 esse
673 2425 824 2498 mutabili;
847 2426 925 2486 unde

167 2513 379 2596 nossetipsum
397 2518 646 2590 incommutabile,
660 2519 740 2596 quod
757 2519 812 2574 nisi
827 2518 926 2595 aliquo

172 2611 258 2668 modo
274 2623 379 2682 nosset,
395 2610 475 2666 nullo
492 2608 581 2665 modo
599 2606 674 2664 illud
694 2605 827 2664 mutabili
846 2619 926 2662 certo

171 2712 362 2780 praeponeret.
379 2703 416 2759 Et
433 2700 592 2776 pervenit*
609 2697 696 2762 adid
719 2695 798 2772 quod
816 2709 874 2766 est,
896 2697 926 2751 in

171 2793 230 2850 ictu
252 2791 422 2870 trepidantis
444 2803 585 2870 aspectus.
609 2793 689 2846 Tunc
702 2807 773 2845 vero
791 2781 926 2845 invisibi-

171 2883 208 2940 lia
222 2895 286 2956 tua,
305 2902 359 2960 per
374 2901 486 2959 eaquae
501 2882 577 2938 facta
597 2892 677 2952 sunt,
696 2879 840 2937 intellecta
859 2897 928 2934 con-

170 2975 269 3051 spexi3
283 2970 334 3031 sed
345 2973 435 3031 aciem
447 2973 535 3050 figere
549 2992 606 3031 uon
620 2970 739 3038 evalui*
757 2993 763 3027 :
780 2985 807 3028 et
824 2963 926 3046 reper-¹
981 3024 983 3026 ,

208 3167 302 3212 ‘Rom
314 3180 338 3223 1,
352 3167 397 3212 20,
