2316 4020
298 433 554 484 CONFESSIONUM
571 435 666 484 uultu
686 440 730 485 vt.
842 441 888 488 tot

129 533 225 592 studio
239 535 395 607 litterario,
411 547 445 592 ut
461 535 561 612 pretiis
578 537 759 613 praetorianis
778 537 893 598 codices

127 623 185 682 sibi
199 626 399 684 conficiendos
417 639 554 684 curaret:
568 626 620 684 sed
634 629 766 688 consulta
779 627 894 705 justitia

128 714 372 774 deliberationem
387 715 417 773 in
434 716 538 798 melius
556 715 644 774 vertit
650 705 824 788 ,utiliorem
841 716 892 794 ju-

127 804 230 864 dicans
243 806 410 884 aequitatem
425 826 484 886 qna
497 803 721 884 prohibebatur,
735 826 821 885 quam
836 828 892 886 po-

127 910 262 956 testatem
283 918 341 974 qua
358 896 516 956 sinebatur.
536 902 660 957 Parvum
683 913 726 956 est
746 899 821 970 h0c;
840 900 892 958 sed

125 991 179 1066 qui
192 991 225 1048 in
239 1007 333 1067 parvo
348 989 440 1047 fidelis
453 1001 505 1060 est,
522 1001 551 1047 et
565 989 595 1047 in
612 1009 717 1069 magno
730 990 824 1048 fidelis
837 1004 889 1049 est.

125 1083 186 1138 Nee
206 1079 270 1136 ullo
292 1079 379 1137 modo
396 1079 451 1137 erit
464 1080 567 1154 inane,
582 1079 662 1158 quod
679 1080 715 1138 de
732 1094 789 1138 tuae
806 1083 890 1140 Veri-

126 1171 193 1230 tatis
206 1191 259 1228 ore
273 1171 432 1249 processit:
445 1174 478 1228 Si
488 1178 519 1228 tn
531 1175 634 1244 injusto
646 1193 809 1230 mammona
814 1175 892 1248 fide-

125 1267 168 1320 les
194 1283 252 1319 non
275 1259 375 1335 fuistis
381 1285 393 1342 ,-
414 1265 493 1338 qnod
511 1283 611 1336 oerum
634 1278 689 1336 est,
711 1268 772 1340 quis
796 1268 892 1321 credet

124 1351 231 1410 nobis?
244 1357 285 1410 Et
298 1355 325 1409 si
338 1360 368 1408 in
385 1357 480 1410 alieno
489 1355 594 1426 fideles
612 1375 669 1412 non
681 1351 795 1427 suistis;
813 1359 892 1431 quod

113 1455 254 1510 *vestrum
272 1456 321 1513 est,
341 1448 405 1518 quis
423 1441 641 1512 dabrtvobts1?
659 1443 735 1502 Talis
753 1444 803 1502 ille
819 1457 889 1504 tunc

125 1531 291 1592 inhaerebat
312 1533 400 1605 mihi,
418 1551 591 1610 mecumque
611 1533 735 1592 nutabat
752 1535 781 1592 in
797 1538 889 1594 consi-

125 1621 181 1692 lio,
202 1623 336 1700 quisnam
355 1637 430 1682 esset
446 1625 588 1682 tenendus
600 1615 669 1681 'vitae
692 1624 806 1682 modus.

172 1714 218 1770 17.
233 1713 391 1772 Nebridius
405 1713 492 1772 etiam
506 1714 557 1792 qui
568 1714 671 1773 relicta
684 1713 780 1790 patria
793 1713 890 1797 vicina

125 1803 308 1882 Carthagini,
324 1817 410 1882 atque
423 1805 487 1882 ipsa
501 1804 674 1882 Carthagine
686 1801 739 1860 ubi
751 1803 890 1880 frequen—

126 1895 257 1954 tissimus
271 1907 342 1966 erat,
357 1895 459 1954 relicto
472 1915 542 1953 rure
561 1907 686 1973 paterno
699 1893 821 1971 optimo,
839 1914 890 1950 re-

125 1985 198 2044 licta
214 1985 302 2045 domo
320 1999 349 2044 et
369 2005 427 2044 non
445 1998 582 2045 secutura
599 1997 704 2055 matre,
721 1985 831 2042 nullam
850 1983 889 2042 ob

126 2075 215 2136 aliam
232 2095 349 2138 causam
363 2075 560 2134 Mediolanum
573 2079 703 2148 venerat,
715 2074 770 2132 nisi
784 2087 817 2132 ut
828 2093 890 2132 me-

126 2183 197 2226 «un
219 2167 332 2238 vireret
348 2167 379 2228 in
397 2155 619 2247 flagiantissimo
640 2165 738 2224 studio
758 2161 889 2223 veritatis

124 2272 215 2336 atque
230 2259 377 2336 sapientiae
389 2280 397 2315 z
408 2258 518 2336 pariter
533 2257 708 2336 suspirabat,
718 2257 889 2337 pariterque

124 2345 304 2418 fluctuabat,
328 2347 511 2418 heataeritae
535 2347 689 2426 inquisitor
712 2347 832 2421 ardens,
859 2359 889 2404 et

124 2438 320 2516 questionum
346 2437 584 2497 difficillimarum
609 2449 754 2496 scrutator
777 2439 886 2498 acerri—

125 2549 200 2588 mus.
216 2533 253 2586 Et
269 2540 351 2588 erant
365 2519 522 2586 ora'trium
539 2528 698 2606 egentium,
716 2539 745 2585 et
759 2527 888 2606 inopiam

125 2639 209 2679 suam
223 2619 341 2678 sibimet
354 2620 480 2679 invicem
496 2619 703 2690 anhelantium,
719 2631 748 2676 et
763 2639 780 2676 a
793 2630 822 2676 te
836 2638 888 2676 ex-

124 2711 337 2790 spectantium,
360 2723 393 2792 ut
417 2709 501 2768 dares
524 2710 565 2768 eis
590 2728 687 2766 eseam
706 2709 737 2764 in
756 2721 888 2785 tempore

125 2810 312 2877 opportuno„
326 2802 365 2856 Et
382 2797 412 2856 in
432 2798 516 2872 omniv
533 2794 725 2854 amaritudine
746 2815 810 2874 qnae
831 2816 887 2854 no-

124 2903 202 2949 stros
217 2890 369 2950 saeculares
387 2901 470 2948 actus
492 2888 529 2947 de
548 2883 749 2946 misericordia
772 2899 821 2948 tua
839 2908 887 2972 se5

123 2980 283 3060 quehatnr,
297 2981 479 3068 intuentibus
489 2979 574 3042 nobis
589 2980 676 3038 finem
690 2998 742 3038 cur
756 2998 790 3038 ea
803 2992 888 3058 pate-

164 3171 174 3198 ¹
188 3165 250 3216 Luc.
260 3177 318 3224 xvi,
337 3165 422 3212 tota.
751 3234 783 3280 Μ
