2394 4010
262 486 314 532 290
448 481 473 529 S.
491 477 670 526 AUGUSTINI
688 477 830 527 urlscorl

261 600 325 638 mus
339 579 378 637 ad
388 577 556 638 habendum
567 575 695 653 seipsum
707 589 844 654 angustus
855 589 907 635 est.
921 579 958 636 Et
970 577 1022 638 ubi

261 672 312 742 sit,
324 669 403 746 quod
414 670 458 727 sui
470 687 528 726 non
542 666 658 743 capit*?
670 665 818 742 Numquid
830 679 913 724 extra
927 666 1023 745 ipsum

261 781 294 820 ac
304 781 363 820 non
372 762 403 819 in
415 760 496 839 ipso?
508 755 663 833 Quomodo
673 776 742 834 ergo
754 777 812 815 non
824 758 919 836 capit?
932 759 1024 817 Multa

181 859 183 863 ’
262 853 334 911 mihi
350 869 439 930 super
452 852 509 909 hoc
523 848 657 908 oboritur
670 847 840 919 admiratio,
855 857 957 927 stupor
971 869 1023 928 ap-

258 942 417 1020 prehendit
430 961 483 1000 me.
506 944 543 997 Et
564 937 783 996 eunt'homines
804 937 943 998 admirari
964 941 1022 997 alta

261 1035 420 1105 montium,
438 1045 467 1091 et
485 1033 613 1108 ingentes
632 1029 737 1088 fluetus
755 1031 861 1102 maris,
879 1042 908 1089 et
920 1031 1023 1089 latissi-

260 1145 323 1182 mos
341 1125 438 1202 lapsus
460 1121 629 1190 fluminum,
652 1133 681 1178 et
696 1120 804 1180 Oceani
822 1119 978 1194 ambitum,
994 1135 1023 1182 et

260 1233 347 1290 gyros
367 1212 510 1282 siderum,
529 1222 558 1268 et
575 1210 743 1287 relinquunt
759 1211 885 1289 seipsos;
899 1231 953 1270 nec
967 1211 1023 1269 mi-

260 1316 373 1374 rantur,
390 1302 470 1380 quod
486 1301 660 1358 haecomnia
676 1319 743 1358 cum
759 1299 900 1370 dicerem,
914 1321 973 1359 non
988 1321 1022 1360 ea

261 1391 397 1450 videbam
409 1393 510 1463 oculis,
524 1411 577 1448 nec
590 1402 685 1448 tamen
699 1389 826 1449 dicerem
839 1390 895 1448 nisi
908 1404 1019 1450 montes

260 1495 289 1540 et
300 1484 405 1542 fluetus
419 1497 449 1542 et
458 1482 577 1541 fltunina
588 1494 618 1540 et
628 1481 724 1540 sidera
733 1501 797 1558 quae
806 1481 883 1553 vidi,
894 1491 923 1540 et
931 1485 1020 1541 Ocea-

260 1593 330 1631 num
346 1594 433 1651 quem
450 1573 575 1643 credidi,
594 1573 671 1630 intus
687 1573 717 1630 in
737 1573 877 1631 memoria
892 1591 956 1630 mea
972 1574 1019 1630 ri*

259 1663 359 1722 dorem
374 1665 472 1743 spatiis
488 1677 546 1722 tam
564 1661 729 1740 ingentibus
749 1662 832 1740 quasi
851 1663 921 1720 foris
936 1663 1019 1722 vide-

259 1773 321 1812 rem
340 1777 346 1811 :
365 1775 419 1814 nec
433 1775 467 1814 ea
489 1769 585 1812 tamen
603 1753 731 1810 videndo
747 1751 887 1811 absorbui
904 1752 1020 1829 quando

259 1844 322 1902 vidi
336 1846 442 1916 oculis3
454 1865 508 1903 nec
521 1845 586 1924 ipsa
602 1855 668 1900 sunt
683 1842 761 1920 apud
773 1862 835 1913 me,
852 1841 903 1900 sed
916 1843 1019 1920 imagi-

260 1954 311 1992 nes
323 1952 432 1992 eorum.
445 1938 482 1991 Et
491 1933 559 1990 novi
576 1931 648 2009 quid
663 1952 699 1990 ex
714 1951 773 2008 qao
787 1950 872 1990 sensu
888 1933 1017 2010 corporis

258 2023 431 2101 impressum
443 2023 481 2082 sit
493 2021 573 2079 mihi.

529 2178 663 2240 CAPUT
684 2167 740 2240 IX.
822 2194 824 2200 ’

477 2325 596 2376 Memoria
612 2324 801 2394 disciplinarum.

302 2469 345 2526 16.
359 2467 417 2527 Sed
425 2487 484 2526 non
498 2487 533 2528 ea
542 2469 603 2526 sola
612 2473 704 2544 gestat
715 2466 856 2526 immensa
865 2465 921 2524 ista
933 2485 1016 2544 capa·

259 2560 332 2624 citas¹
345 2559 491 2618 memoriae
505 2577 584 2616 meae.
597 2557 653 2614 Hie
666 2568 733 2614 sunt
744 2568 774 2614 et
783 2555 833 2614 illa
844 2556 941 2614 omnia
954 2573 1019 2632 quae

259 2650 296 2709 de
309 2650 448 2710 doctrinis
458 2647 628 2708 liberalibus
641 2658 781 2724 percepta
791 2645 922 2704 nondum
934 2645 1017 2704 exei-

259 2743 378 2814 derunt,
388 2741 470 2819 quasi
482 2752 593 2799 remota
602 2738 739 2795 interiore
753 2737 833 2806 loco,
844 2755 903 2794 nou
914 2734 1016 2806 loco*;

257 2853 311 2890 uec
332 2851 433 2900 eorum
449 2829 586 2906 imagines
593 2851 605 2899 ,·
617 2825 668 2884 sed
685 2845 731 2884 res
750 2825 828 2902 ipsas
844 2843 923 2902 gero.
941 2828 1014 2894 Nam

258 2921 329 2998 quid
350 2921 387 2979 sit
406 2920 587 2988 litteratura,
611 2915 682 2992 quid
704 2914 808 2993 peritia
831 2913 1015 2994 disputandi,

258 3023 328 3089 quot
344 3007 667 3088 generaquaestionum,
681 3003 826 3082 quidquid
839 3005 944 3063 horum
955 3005 1015 3063 scio

257 3103 299 3160 sic
315 3101 400 3160 estin
415 3098 554 3158 memoria
565 3111 642 3165 mea,
655 3107 688 3152 ut
702 3114 759 3153 non
769 3107 881 3154 retenta
892 3095 1016 3171 imagine

257 3212 317 3249 rem
327 3192 397 3250 foris
407 3188 586 3264 reliquerim,
596 3197 646 3244 aut
655 3186 785 3265 sonuerit
795 3199 825 3245 et
833 3184 1015 3264 praeterierit,
