2356 4018
253 421 302 470 tat
435 419 461 468 θ’.
479 417 661 469 tuomum
676 417 830 469 aristosi

251 539 326 592 rum,
339 521 419 598 quod
431 521 529 598 palato
539 537 600 577 nou
612 513 682 578 sario
696 531 835 597 poenaest
849 509 939 598 panis,
958 524 1011 601 qui

251 629 321 670 sano
336 612 434 669 suavis
447 621 504 681 θεὶς
516 610 654 668 etoeulir
665 611 748 688 aegris
762 610 863 670 odiosa
873 613 933 685 lux,
944 635 1010 690 quae

250 691 333 778 puris
350 701 493 760 amabilis.
506 705 541 758 Et
549 701 662 778 justitia
676 701 873 778 tua'displioet
885 703 1009 780 iniquis;

252 793 361 851 nedum
374 793 477 870 uipera
487 805 518 850 et
529 793 716 864 vermiculus,
729 801 794 870 quae
800 791 882 854 bosra
895 796 1011 865 creasti,

254 880 679 962 aptainferioribusoreaturae
700 895 758 940 tuae
770 883 925 960 partibus:
945 885 1012 962 qui-

253 975 312 1034 bus
321 987 354 1032 vet
368 974 425 1054 ipsi
439 974 532 1050 iniqui
547 975 608 1052 apti
622 985 822 1050 sunt,qt1aut0
841 974 1013 1036 dissimilia*

254 1085 300 1126 ras
314 1079 385 1125 suut
396 1060 465 1139 tibi;
479 1066 542 1142 upti
556 1078 654 1123 autem
668 1065 882 1143 superioribus,
901 1081 1018 1144 quanto

255 1155 407 1216 similiores
419 1159 493 1215 firtnt
504 1155 568 1214 tibi.
583 1161 628 1214 Er
636 1155 758 1234 quaesivi
775 1157 848 1234 'quid
861 1167 941 1216 'esset
951 1159 1011 1217 ini-

255 1251 363 1327 quitas‚·
372 1261 401 1307 et
411 1269 470 1306 nora
479 1248 576 1306 inverti
585 1247 775 1306 substantiam
785 1236 886 1306 :seda
899 1269 1016 1308 summa·

256 1339 431 1411 substantia,
446 1353 474 1398 te
490 1345 563 1413 Deo,
581 1339 702 1402 detortae
722 1340 753 1398 in
772 1340 889 1414 infima*
906 1343 1015 1399 volun-

257 1431 321 1490 tatis
334 1431 563 1509 perversitatem,
577 1425 757 1512 projicientis
771 1431 874 1490 intima
891 1443 969 1503 sua¹,
985 1446 1017 1490 et

258 1521 439 1580 tumescentis
453 1523 539 1586 foras.
552 1589 555 1594 ¹
591 1549 593 1556 ·
615 1587 617 1592 .
637 1567 639 1572 .

504 1689 638 1774 orror
658 1681 764 1750 xvir

372 1857 432 1918 Qirae
444 1852 569 1904 retardent
580 1847 744 1918 abaguitione
757 1850 901 1913 divmarum(

221 2001 226 2010 '
300 1995 346 2056 23.
365 2003 402 2056 Et
420 1999 547 2056 mirabar
568 1999 647 2076 quod
665 1997 725 2074 jam
745 2012 773 2056 te
794 1999 935 2070 amabam,
955 2015 1020 2056 non‘

259 2111 313 2168 pro
330 2104 357 2146 te
380 2089 557 2169 phantasma.
580 2093 616 2144 Et
633 2109 693 2174 ¹non
716 2075 849 2146 stabam*
871 2087 929 2146 frui
951 2093 1016 2146 Deo

260 2200 335 2251 meo,
349 2177 401 2236 sed
419 2175 555 2254 rapiebar
573 2177 609 2235 ad
625 2191 653 2236 te
677 2171 782 2237 decore
796 2169 869 2251 'tu03
887 2199 1015 2258 moxque

261 2266 427 2344 deripiebar
443 2267 494 2325 ahs
513 2280 540 2326 te
553 2268 683 2346 pondere
702 2289 776 2340 meo,
794 2281 823 2327 et
838 2263 960 2328 ruebam
985 2271 1014 2327 iu

260 2359 315 2416 ista
338 2377 404 2415 cum
420 2358 529 2436 gemitu
544 2379 551 2414 t
566 2372 595 2416 et
619 2357 735 2436 pondus
751 2357 818 2430 hoc,
834 2350 1015 2422 cousuetudo

183 2443 184 2448 '
262 2445 393 2504 carnalis.
411 2447 467 2506 sad
481 2469 595 2507 mecum
612 2460 674 2506 erat
685 2448 827 2506 memoria
842 2448 898 2520 tui,
921 2469 1017 2526 neque

261 2537 323 2594 ullo
337 2537 424 2595 modo
437 2529 611 2597 ¹dubitabam
627 2559 687 2596 esse
702 2539 748 2596 cui
761 2539 950 2610 cohaererem,
965 2539 1017 2596 sed

262 2627 392 2686 nondum
401 2650 463 2688 esse
474 2651 520 2688 me
531 2631 582 2708 qui
592 2629 769 2688 cohaererem
784 2651 791 2686 ε
803 2630 939 2706 quoniam
954 2648 1016 2685 cor-

262 2739 317 2797 pus
336 2719 415 2797 quod
435 2721 642 2798 corrumpitur,
664 2731 800 2797 aggravat
823 2719 964 2790 animam3
987 2731 1017 2776 et

263 2809 402 2886 deprimit
415 2823 528 2870 terrena
541 2808 722 2868 inimbitatio·
730 2829 846 2868 sensum
861 2809 951 2867 multa
963 2828 1017 2870 co-

263 2901 428 2977 gitantem².
443 2893 588 2978 Eramqua
605 2899 780 2958 certissimus
791 2898 872 2976 quod
884 2898 1018 2957 invisibi-

262 2991 301 3050 lia
318 3003 377 3064 tua,
391 3008 410 3052 'a‘
423 2990 629 3050 consumtiona
638 2989 759 3064 =mundi‚
773 3003 827 3068 per
840 3007 875 3048 ea
892 3009 957 3068 quae
975 2990 1020 3046 ia-

300 3163 314 3194 ¹'
324 3156 396 3210 Eccli.
409 3177 436 3220 x,
452 3160 493 3208 10.
507 3185 542 3196 -·
553 3155 566 3194 ²⁴
578 3162 632 3226 Sap.
644 3177 685 3220 rr,
702 3163 742 3210 1⁵.
