2352 4094
257 405 306 453 378
439 400 464 448 S·
484 395 666 446 AUGUSTINI
683 397 830 446 EPISCOI’I

256 501 320 561 nuit
334 512 363 559 et
376 497 506 570 sonabit;
531 495 598 555 nain
612 497 692 574 quod
708 495 772 574 eju's
788 496 851 575 jam
864 511 1030 576 peractum

257 606 313 663 est,
328 592 429 669 utique
444 589 554 662 sonuit3
569 588 649 666 quod
661 601 868 662 commentat,
882 588 1026 649 sonabit:

256 696 343 760 atque
361 682 403 739 ita
420 681 583 759 peragitur,
605 679 675 737 dum
689 699 816 757 praesens
831 680 955 738 intentio
969 679 1027 738 fu-

257 786 355 834 turum
369 759 400 830 in
417 771 598 850 preteritum
612 769 736 855 trajicit,
758 769 950 829 diminutione
969 769 1027 828 fu-

256 866 316 924 turi
335 876 482 924 crescente
500 862 666 942 praeterito,
687 860 780 921 donec
796 863 1026 941 consumptione

257 956 348 1015 futuri
362 955 400 1014 sit
417 966 510 1014 totum
526 952 714 1032 praeteritum.

367 1144 370 1152 '
437 1173 439 1180 ·
480 1142 615 1205 CAPUT
635 1141 788 1207 XXVIII.

452 1330 543 1382 Animo
565 1329 680 1380 metimur
703 1338 818 1397 tempore.

298 1502 346 1560 37.
365 1502 422 1562 Sed
437 1502 587 1580 quomodo
605 1500 747 1560 minuitur
765 1513 817 1558 aut
834 1499 1023 1559 consumitur

250 1595 403 1665 tutorum,
416 1592 496 1670 quod
506 1591 639 1650 nondum
651 1592 714 1647 est?
727 1602 778 1648 out
789 1587 936 1667 quomodo
948 1607 1021 1648 cre-

258 1684 314 1743 scit
334 1683 515 1762 praetcritum
534 1681 615 1759 quod
631 1680 693 1757 jam
715 1699 772 1739 non
791 1693 849 1751 est,
873 1681 929 1739 nisi
947 1681 1022 1760 quia

258 1774 398 1832 inanimo
413 1773 465 1851 qui
482 1770 562 1830 illud·
572 1771 630 1848 agit
648 1771 704 1828 tria
716 1771 806 1828 sunt?
828 1775 901 1829 Nam
918 1783 947 1829 et
961 1789 1019 1830 ex*

258 1877 370 1944 spectet
386 1876 416 1923 et
429 1862 552 1922 attendit
570 1873 599 1920 et
613 1861 760 1934 meminit,
776 1871 810 1920 ut
822 1861 853 1919 id
867 1860 947 1939 quod
961 1881 1018 1920 ex-

258 1968 385 2034 spectat,
408 1953 511 2032 perid
529 1951 610 2030 quod
628 1951 768 2024 attendit,
795 1964 922 2010 transeat
939 1952 970 2010 in
986 1953 1019 2011 id

258 2046 339 2123 quod
352 2044 524 2104 meminerit.
545 2043 615 2116 Quis
630 2043 718 2120 igitur
731 2055 816 2122 negat
834 2043 933 2102 futura
946 2062 1018 2102 non·

258 2135 329 2194 dum
343 2135 425 2194 esse?
446 2133 503 2192 Sed
517 2146 614 2191 tamen
627 2131 687 2209 jam
705 2144 748 2192 est
761 2132 792 2190 in
805 2130 902 2192 animo
916 2151 1019 2211 exspe-

258 2226 347 2284 ctatio
362 2227 537 2283 futurorum.
559 2227 595 2280 Et
611 2224 675 2299 quis
689 2234 776 2300 negat
791 2221 939 2301 praeterita
953 2221 1016 2301 jam

257 2335 316 2374 non
330 2316 413 2373 esse?
434 2312 497 2374 Sed·
508 2324 606 2369 tamen
619 2312 716 2370 adhuc
734 2325 778 2372 est
794 2314 825 2372 in
840 2315 936 2373 animo
950 2333 1015 2372 me-

257 2405 351 2464 moria
375 2403 600 2483 proeteritorum.
628 2407 665 2461 Et
687 2405 753 2482 quis
778 2417 865 2484 negat
888 2423 1016 2483 praesens

257 2510 373 2575 tempus
391 2495 490 2554 carere
510 2494 618 2573 spatio,
640 2494 709 2573 quie
723 2497 753 2554 in
769 2507 879 2575 puncto
892 2508 1015 2574 preter-

257 2591 300 2647 it?
331 2588 388 2648 Sed
415 2581 512 2646 tamen
538 2587 680 2665 perdurat
702 2589 824 2646 attentio
849 2605 903 2666 per
928 2607 1015 2665 quom

257 2678 383 2760 pergat*
393 2678 493 2738 abesse
507 2678 587 2757 quod
602 2678 704 2741 aderit.
713 2681 783 2736 Non
795 2677 885 2756 igitur
898 2677 1014 2756 longum

257 2784 372 2850 tempus
387 2772 517 2829 futurum
532 2769 613 2849 quod
626 2780 754 2842 nonest,
769 2766 820 2827 sed
835 2765 953 2848 longum
967 2768 1015 2827 fu-

257 2875 356 2922 turum
369 2862 454 2940 longa
469 2861 647 2940 exspectatio
663 2860 754 2919 futuri
769 2870 829 2932 est;
843 2877 939 2938 neque
950 2861 1015 2919 Ion-

257 2971 327 3032 gum
350 2951 530 3030 praeteritum
553 2963 668 3030 tempus
688 2949 769 3029 quod
790 2969 850 3009 non
873 2961 935 3022 est,
963 2951 1014 3010 sed

255 3041 375 3121 longum
397 3042 578 3121 praeteritum
602 3043 686 3121 longa
709 3041 848 3102 memoria
872 3041 1013 3120 praeteriti

258 3144 307 3189 est.
