2316 4020
255 482 302 528 122
434 478 458 526 S.
478 477 659 526 AUGUSTINI
677 476 819 527 Ertscort

249 578 356 647 recolo,
369 575 493 635 Domine
506 580 585 634 Deus
599 595 689 647 meus,
699 575 808 634 arbiter
821 578 1006 636 eonsoiontiae

249 669 453 728 meaePCoram
466 679 495 724 te
516 686 567 724 cor
581 686 678 724 meum
695 679 724 724 et
743 667 907 726 recordatio
926 687 1005 738 mea,

248 760 300 837 qui
314 779 360 818 me
377 771 445 816 tune
458 756 564 834 agebas
573 756 674 815 abdito
688 769 800 816 secreto
813 757 1007 835 providentiae

248 862 319 920 tuae,
335 862 364 907 et
383 848 551 907 inhonestos
571 867 685 906 errores
708 867 787 906 meos
804 847 864 926 jam
883 867 1008 908 conver-

247 939 330 1000 tebas
347 953 414 1000 ante
432 940 535 998 faeiem
559 957 668 1010 meam,
681 951 714 996 ut
733 937 861 998 viderent
882 951 912 998 et
930 940 1008 998 odis-

248 1048 317 1086 sem.

508 1143 643 1210 CAPUT
663 1143 737 1210 vlt.

399 1315 529 1367 adeuntur
543 1333 557 1367 a
575 1324 639 1367 sectr
650 1315 850 1368 Maniehoomm.

288 1470 334 1527 12.
349 1475 421 1528 Nam
434 1482 623 1548 posteaquam
642 1470 692 1527 ille
710 1469 782 1528 mihi
797 1468 950 1546 imperitus
960 1487 1007 1528 ea·

244 1581 312 1620 rum
328 1561 446 1632 artium,
459 1558 566 1636 quibus
579 1579 647 1618 eum
660 1559 804 1618 excellere
818 1571 1005 1635 putaveram,

246 1651 314 1710 satis
328 1650 481 1728 apparuit,
495 1649 651 1726 desperare
666 1649 742 1727 ooepi
755 1667 839 1726 posse
849 1667 917 1707 eum
931 1648 1005 1706 mihi

243 1741 294 1799 illa
316 1759 382 1817 quae
410 1760 455 1798 me
477 1739 634 1797 movebant
657 1739 771 1816 aperire
795 1750 882 1815 atquo
900 1736 1006 1796 dissul-

244 1851 327 1902 vere3
339 1851 463 1908 quornm
478 1829 597 1908 quidem
609 1829 727 1908 ignarus
739 1841 836 1907 posset
853 1827 1005 1885 veritatem

241 1934 344 1984 terrere
369 1919 500 1998 pietatis,
520 1919 571 1978 sed
594 1919 618 1977 si
642 1917 817 1980 manichaeus
835 1936 892 1974 non
918 1929 1003 1975 esset.

244 2009 326 2068 Libri
339 2009 452 2086 quippe
470 2027 571 2066 eorum
586 2007 665 2084 pleni
676 2017 753 2066 ¹sunt
771 2005 943 2084 longissimis
962 2005 1007 2062 fn-

245 2095 337 2168 bulis‚
353 2095 389 2152 de
409 2093 483 2152 ooeio
504 2104 534 2150 et
553 2089 758 2164 sideribus,et
776 2095 838 2152 sole
858 2107 886 2152 et
906 2095 977 2152 iuna
997 2115 1004 2150 :

244 2205 310 2262 quae
330 2185 402 2242 mihi
418 2203 501 2254 eum,
514 2183 595 2263 quod
609 2184 710 2261 utique
727 2183 898 2262 cupiebam,
916 2186 1005 2244 colla·

242 2276 280 2332 tis
293 2293 482 2332 numerorum
495 2274 673 2348 rationibus,
684 2296 758 2353 quas
776 2275 847 2334 aiibi
860 2295 914 2354 ego
928 2265 1004 2357 lege·

242 2383 320 2436 ram,
330 2375 428 2422 utrum
443 2364 540 2442 potius
549 2365 590 2423 ita
605 2378 700 2424 essent
711 2379 744 2424 ut
757 2365 909 2424 Maniehaei
920 2363 1004 2424 libris

242 2452 482 2527 continebantur,
498 2475 535 2514 an
550 2468 628 2514 certe
641 2457 687 2514 vel
703 2455 854 2532 paretiam
867 2455 936 2513 inde
954 2475 1003 2512 ra-

241 2546 282 2603 tio
303 2543 492 2618 redderetur,
504 2545 651 2604 subtiliter
671 2545 817 2622 explicare
836 2541 922 2623 posse
939 2542 1002 2620 jam

240 2653 300 2690 non
319 2631 492 2693 arbitrabar.
513 2639 584 2710 Qu'ae
602 2647 698 2694 tamen
719 2633 771 2692 uhi
792 2633 1003 2692 consideranda

241 2736 270 2780 et
283 2722 464 2783 discutienda
476 2725 596 2803 protuli,
611 2723 740 2782 modeste
753 2743 821 2782 sane
832 2723 881 2781 iile
889 2715 942 2782 n'ec
953 2742 1004 2782 au-

240 2833 289 2872 sus
301 2828 343 2872 ost
357 2815 457 2875 subire
471 2817 564 2895 ipsam
576 2815 728 2874 sarcinam.
742 2821 869 2875 Noverat
884 2814 1001 2874 enimse

239 2904 294 2962 ista
312 2926 370 2962 non
388 2927 487 2978 nosse,
502 2927 555 2966 nec
572 2927 638 2965 eum
653 2905 759 2983 puduit
779 2905 918 2964 confiteri.
936 2907 1002 2963 Non

239 3008 302 3054 erat
316 2996 353 3054 de
372 2996 479 3056 talibus
498 3000 597 3073 quales
617 2998 724 3056 inuitos
744 2997 881 3074 loquaces
899 3015 1002 3073 passus

240 3104 331 3158 eram,
342 3098 480 3144 conantes
494 3105 528 3144 ea
541 3107 588 3146 me
601 3085 762 3158 dooere„et
777 3087 905 3144 dieentes
917 3085 1000 3142 nihii.

239 3179 296 3232 Iste
315 3193 385 3232 vero
402 3195 454 3232 eor
472 3175 613 3247 habebat,
625 3177 679 3236 etsi
699 3193 758 3236 nort
777 3188 889 3235 rootnm
904 3173 942 3232 ad
956 3188 999 3245 te,
