2352 4094
281 455 333 503 ⁴00
463 452 488 500 S.
507 446 690 499 AUGUSTINI
707 445 851 498 EPISGOPI

279 554 350 629 quia
365 551 447 630 prior
459 549 589 614 omnium
604 559 701 607 creata
715 558 758 604 est
771 546 906 626 quaedam
921 549 1052 628 sapien·

281 643 320 698 tia
340 660 405 718 qnae
426 652 523 699 creata
538 652 596 710 est,
614 657 695 696 mons
709 637 863 698 ⁴rationalis
879 651 909 697 et
926 640 1054 701 intelle-

282 730 385 788 ctualis
399 741 485 789 castae
507 727 631 789 civitatis
649 738 718 798 tuae,
733 727 833 785 matris
853 741 961 788 nostrae
976 751 1054 808 quae

283 840 397 880 sursum
416 811 475 891 e‘st,
493 831 521 878 et
537 817 630 876 libera
647 827 718 892 est',
735 829 765 874 et
784 830 891 876 aetema
904 819 935 877 in
948 821 1052 894 coolis;

283 909 294 990 (
304 910 410 988 quibus
431 910 527 982 coelis,
547 908 603 966 nisi
622 907 673 984 qui
692 917 720 966 te
739 906 860 976 landant
871 908 935 966 ooeli
950 911 1052 968 coslo-

283 1011 385 1072 rum²;
401 1000 470 1077 quia
489 999 546 1057 hoc
568 1009 612 1056 est
629 1009 659 1056 et
676 997 780 1056 coeluna
802 998 866 1056 ooeli
883 999 1013 1058 Domino
1023 1001 1050 1081 Ρ)

284 1091 337 1150 etsi
360 1109 419 1148 non
446 1088 617 1152 invenimus·
634 1099 748 1166 tempus
768 1099 838 1162 anto¹
858 1088 952 1162 illam,
974 1091 1050 1168 quia

284 1192 314 1237 et
337 1192 499 1237 creaturam
525 1177 664 1255 temporis
690 1176 850 1249 antecedit,
875 1197 940 1255 qnae
960 1181 1049 1256 prior

284 1271 414 1330 omnium
434 1279 529 1328 creata
543 1279 601 1341 est3
615 1279 682 1327 ante
693 1268 772 1326 illam
784 1280 880 1327 mmen
898 1281 941 1327 est
952 1259 1054 1349 ipsius*

285 1359 429 1420 Creatoris
450 1358 610 1431 aeternitas,
629 1377 647 1416 a
670 1377 729 1437 quo
745 1357 826 1416 facta
847 1360 969 1438 sumpsit
990 1379 1049 1418 ex-

286 1449 419 1522 ordium,
437 1448 570 1528 quamvis
588 1467 647 1506 non
666 1447 804 1525 temporis
821 1449 892 1524 quia
912 1449 1046 1512 nondum

286 1553 348 1599 erat
370 1553 501 1618 tempus,
520 1538 612 1617 ipsius
632 1549 730 1597 tamen·
745 1537 917 1598 conditionis
932 1553 1004 1600 suae.

327 1628 375 1688 21.
389 1629 475 1689 Unde
489 1631 530 1688 ita
542 1641 585 1686 est
600 1627 653 1687 abs
669 1638 697 1686 te
711 1633 774 1707 Delo
789 1639 902 1700 nostro,
917 1641 951 1688 nt
964 1627 1046 1687 aliud

287 1722 323 1780 sit
346 1721 434 1798 plane
454 1739 542 1797 qnam
563 1731 610 1792 tu,
628 1732 656 1777 et
669 1735 728 1776 non
744 1718 880 1800 idipsum.
900 1720 1045 1794 Quoniam

287 1811 341 1868 etsi
358 1830 417 1868 non
436 1810 532 1868 solnm
549 1820 615 1889 anto
635 1808 731 1881 illam,
748 1806 868 1870 sednon
887 1810 918 1868 in
933 1809 984 1868 illa
1000 1810 1046 1868 in-

279 1900 420 1958 -venimus
440 1911 568 1978 tempus,
583 1899 652 1978 quia
669 1898 828 1958 estidonea
842 1899 946 1959 faciem
963 1913 1044 1958 tuam

288 2011 402 2070 semper
424 1990 526 2050 videre
546 2010 599 2050 noo
618 1990 732 2069 uspiam
754 1990 918 2049 deflectitur
935 1989 973 2048 ab
993 2010 1045 2064 ea,

288 2099 347 2158 quo
367 2082 400 2139 fit
421 2092 454 2138 ut
476 2079 557 2138 nulla
572 2077 738 2143 mutatione
759 2081 906 2152 variatum
925 2081 1001 2138 inest
1017 2083 1045 2140 ei

288 2183 386 2228 tamen
406 2172 469 2250 ipsa
492 2168 671 2228 mutabilitas
690 2169 768 2231 unde
789 2169 1003 2231 tenebresceret
1016 2183 1046 2230 et

288 2261 471 2337 frigesceret,
489 2260 543 2324 nisi
565 2279 664 2318 amore
677 2261 788 2337 grandi
809 2260 863 2320 tibi
884 2259 1044 2334 cohaerens,

289 2364 426 2428 tanquam
446 2345 716 2427 semper'meridtes
739 2353 849 2411 luceret
866 2365 899 2411 nt
919 2353 1046 2412 famenot

289 2462 326 2500 ex
348 2453 386 2498 te.
406 2443 430 2500 0
450 2439 554 2499 domus
577 2440 720 2500 luminosa
737 2456 767 2501 et
789 2443 935 2523 speciosa,
954 2442 1044 2503 dilexi

288 2532 425 2592 decorem
448 2544 548 2604 tunm,
567 2545 597 2591 et
619 2533 720 2592 locum·
738 2533 924 2594 habitationis
946 2535 1044 2613 gloriae

288 2623 408 2682 Domini
429 2623 486 2682 mai
512 2621 693 2684 fabricatoris
717 2636 745 2683 et
764 2625 936 2704 possessoris
958 2625 1001 2684 tui
1017 2624 1041 2682 ³!

288 2714 356 2773 Tibi
377 2715 504 2792 suspiret
514 2715 717 2795 peregrinatio
734 2733 815 2786 mea3
827 2727 857 2772 et
873 2713 939 2773 dico
954 2715 1043 2792 siqui

287 2803 360 2872 lecit
375 2815 419 2875 te,
434 2816 468 2862 ut
479 2803 627 2882 possideat
644 2815 732 2861 etms
746 2802 776 2859 in
793 2813 833 2873 te,
848 2802 917 2880 quia
932 2801 1001 2860 fecit
1016 2813 1043 2860 et

258 2943 262 2950 .
290 2912 346 2952 me.
359 2895 461 2954 Erravi
476 2895 552 2954 sient
564 2894 627 2953 ovis
642 2891 757 2972 perdita
768 2893 781 2937 l
788 2915 796 2965 3
808 2892 859 2951 sed
872 2893 902 2952 in
916 2891 1042 2951 humeris

328 3103 337 3127 ¹
359 3093 437 3144 Galat.
451 3109 483 3152 tv,
495 3095 537 3142 26.
546 3119 581 3130 ν-
595 3103 606 3128 ²
622 3094 684 3145 Psal.
695 3093 799 3154 enimn,
811 3097 835 3144 l.
845 3121 880 3131 ·-·
894 3091 906 3131 ³
918 3094 979 3144 Psal.
989 3108 1043 3152 xxv,

292 3173 558 3232 a.-⁴Pnt.cxv111,
580 3177 637 3224 t7o.
673 3223 681 3246 :-
