2356 4018
352 472 601 529 conminuunt
618 478 713 530 Ltuuu
730 481 776 530 tx.
894 483 945 529 249

187 595 215 640 ot
228 599 331 639 vocem
346 595 456 652 meam,
479 599 544 638 cum
560 597 717 658 conversus
733 581 771 640 ad
790 599 843 640 nos
856 580 946 658 spiri—

187 685 233 730 tus
247 684 314 732 ttius
328 670 422 728 bonus
437 670 477 727 ait
486 669 578 729 ¹uobis
596 674 687 728 zFa'ltt
700 673 860 742 homiuum,
875 689 946 748 quo-

187 779 271 837 usque
283 763 382 837 graves
396 763 503 817 corde?
524 762 630 835 [liquid
639 764 760 838 diligitis
767 769 943 833 'uanitatem

187 858 352 928 etquoeriu's
365 850 568 907 menducium)
588 851 755 910 Dilexeram
774 853 851 911 euim
865 853 947 911 vani·

188 954 290 1013 tatem,
310 955 344 1000 'et
357 941 528 1019 quaesieram
542 937 734 1001 mendacium.
757 945 794 1002 Et
817 955 863 1015 tu,
885 948 947 1002 Do-

188 1033 281 1104 mine,
299 1031 359 1110 jam
373 1032 609 1108 magnificaveras
622 1033 758 1090 Sanctum
776 1045 873 1104 tunm,
894 1051 945 1090 su-

0 1147 1 1150 *
97 1165 100 1170 .
188 1122 294 1194 scitaris
306 1121 543 1192 eumamortuis,
553 1132 582 1179 et
593 1123 737 1180 collocans
748 1110 786 1182 ad
796 1123 946 1181 dexteram

187 1223 267 1270 tuam
280 1221 304 1282 ¹,
325 1210 402 1268 unde
427 1210 556 1268 mitteret
579 1229 616 1268 ex
642 1211 704 1270 alto
724 1213 946 1290 promissionem

188 1319 285 1372 mam,
298 1298 481 1366 Paracletum
498 1299 639 1378 Spiritum
656 1299 787 1360 veritatis
799 1309 831 1360 ²:
846 1313 874 1360 et
892 1303 948 1360 mi-

188 1403 264 1449 serat
281 1407 349 1449 oum
365 1389 426 1468 jam
437 1391 465 1460 ³,
487 1390 538 1448 sed
556 1409 611 1468 ego
629 1391 805 1450 nesciebam.
829 1392 948 1452 Miserat

188 1497 269 1553 cuin,
292 1482 361 1559 qnia
375 1479 436 1558 jam
450 1480 648 1556 magnificatus
662 1489 740 1553 erat,
763 1491 917 1558 resurgens
930 1503 948 1540 a

188 1569 327 1644 mortuis,
348 1584 380 1630 et
395 1569 553 1627 ascendens
571 1569 602 1628 in
620 1571 735 1628 coelum.
751 1575 831 1630 'Ante
849 1583 946 1640 autem

188 1662 313 1740 Spiritus
333 1660 463 1720 nondum
484 1658 661 1732 crudatus,
685 1659 848 1737 quietesus
870 1679 945 1718 uon·

189 1749 260 1809 dum
280 1763 342 1809 erat
364 1749 538 1808 clarificatus
547 1748 569 1806 ⁴.
593 1751 630 1806 Et
651 1745 795 1807 clamabat
813 1749 946 1827 prophe-

190 1839 270 1898 tia*:
287 1843 442 1916 Quousque
457 1857 557 1915 graues
577 1840 681 1898 corde?
704 1841 812 1914 thuid
827 1841 947 1918 diligitis

189 1937 346 1988 vanitatem
353 1969 364 2001 ,
382 1943 412 1988 ec
427 1930 773 2005 quaeritis—mendacium?
794 1933 834 1986 Et
849 1935 947 1988 scitote

190 2027 325 2096 quonium
341 2024 483 2077 Dominus
501 2020 694 2095 mognficauit
705 2021 839 2077 Sanctum
856 2037 944 2076 suum.

188 2110 313 2182 Clamat,
325 2129 468 2186 quousque
474 2132 486 2180 ,·
501 2111 618 2182 clamat,
632 2115 729 2168 scitote
740 2130 749 2165 .·
761 2121 794 2168 et
804 2127 857 2186 ego
869 2120 945 2170 tam—

190 2199 241 2259 diu
259 2199 392 2259 nesciens
409 2200 568 2258 vamtatem
586 2199 691 2272 dilexi,
715 2211 745 2257 et
762 2198 946 2258 mendacium

191 2289 332 2367 quaesivi,
362 2302 391 2350 et
408 2288 475 2348 ideo
494 2289 594 2349 audiui
615 2301 644 2348 et
662 2290 841 2361 contremui,
869 2307 946 2366 quo-

190 2380 268 2437 niam
290 2379 397 2438 talibus
417 2379 526 2438 dicitur
543 2382 660 2458 qualem
680 2400 727 2440 me
748 2379 836 2439 fuisse
856 2380 946 2438 remi-

190 2468 335 2528 niscebart
359 2473 394 2527 In
413 2465 690 2548 phantasmatibus*
705 2470 782 2528 enim
804 2485 870 2546 qnae
893 2487 948 2546 pro

190 2560 313 2618 veritate
327 2571 492 2632 tenueram,
506 2562 618 2618 vanitas
632 2571 694 2618 erat
712 2571 741 2617 et
754 2558 946 2618 mendacium.

191 2653 228 2706 Et
242 2649 357 2708 insonui
371 2649 462 2706 multa
479 2649 606 2726 graviter
622 2660 652 2706 et
669 2646 782 2705 fortiter
797 2647 828 2703 in
847 2646 950 2706 dolore

191 2739 401 2797 recordationis
416 2735 496 2796 meae.
516 2742 587 2812 Quae
604 2737 714 2794 utinam
732 2735 880 2794 audissent
897 2738 949 2813 qui
1020 2731 1032 2748 ⁹

192 2827 288 2887 adhuc
307 2845 400 2908 usque
416 2828 541 2906 diligunt
561 2827 737 2899 vanitatem,
763 2839 792 2886 et
813 2841 950 2906 quaerunt

193 2919 386 2980 mendacium.
418 2925 504 2980 Forte
530 2917 791 2992 conturbarentur,
817 2931 847 2978 ct
874 2939 947 2978 evo—

231 3124 394 3198 ¹Muc.xv1,
410 3121 490 3168 19.—-
501 3128 513 3155 ¹
525 3124 657 3180 tonnam,
671 3087 769 3182 lustu
780 3149 814 3158 -
827 3117 838 3155 ³
851 3123 906 3170 Act.
917 3135 949 3176 11,

197 3202 248 3250 1-t.
261 3227 294 3236 -
308 3196 401 3250 iinon.
410 3213 459 3259 vn,
469 3201 511 3251 39.
