2316 4020
315 393 675 446 conmorantium
691 397 734 444 VI.
852 395 897 441 lll

128 497 167 555 ad
182 497 310 554 fontem
331 495 457 554 salientis
477 515 560 572 aquo
580 496 611 554 in
628 496 717 554 vitam
732 504 899 554 aeternam¹.

128 583 290 663 Diligehat
317 597 413 644 autem
438 585 520 643 illum
545 585 641 642 virum
668 585 743 643 sicut
767 585 902 661 angelum

103 687 106 702 ·
128 677 201 744 Dei,
220 674 313 750 quod
327 673 474 751 perillum
488 685 722 752 cognoveratme
734 673 850 731 interim
864 673 902 730 ad
993 715 999 724 .

130 763 212 821 illam
229 763 395 840 ancipitem
408 764 625 822 fluctuationem
643 763 704 841 jam
718 781 779 822 esse
792 763 903 840 perdu-

130 867 229 925 ctum,
245 873 308 931 per
319 874 407 930 quam
421 855 610 922 transiturum
622 873 669 912 me
683 853 720 912 ab
733 853 903 931 aegritudine

132 943 169 1001 ad
183 944 360 1022 sanitatem,
376 944 590 1012 intercurrente
603 945 727 1007 arctiore
741 945 873 1024 periculo
879 943 902 1014 *‚

132 1033 219 1108 quasi
242 1053 304 1112 per
323 1034 516 1092 accessionem
537 1053 626 1111 quam
645 1035 775 1094 criticam
797 1034 903 1093 medici

16 1125 18 1171 ἶ
133 1139 265 1196 vocant,
286 1137 367 1183 corta
380 1123 582 1201 presumebat

425 1250 560 1360 curor
579 1299 622 1359 ιι.

219 1469 310 1544 sputa
327 1487 352 1528 et
365 1475 463 1544 synaxis
481 1475 547 1544 apud
559 1477 669 1544 sepulcre
686 1457 833 1542 martyrum

141 1682 144 1688 2
180 1651 209 1710 2.
234 1659 342 1732 ltaque
354 1673 421 1712 curu
436 1654 473 1712 ad
489 1653 642 1712 memorias
655 1663 834 1720 sauctorum,
847 1650 904 1707 sic-

143 1757 175 1800 ut
192 1747 225 1802 in
239 1747 342 1804 Africa
358 1743 477 1818 solebat,
487 1745 584 1822 pultes
592 1756 622 1802 et
633 1761 738 1820 panem
750 1753 780 1798 et
792 1760 905 1800 merum

142 1835 304 1905 attulisset,
318 1845 404 1910 atque
425 1833 463 1890 ab
483 1833 600 1891 ostiario
618 1827 840 1910 prohiberetur;
853 1828 906 1886 ubi

142 1919 200 1980 hoc
218 1925 394 2002 episcopum
412 1921 538 1980 vetuisse
554 1919 706 1998 coguovit,
719 1931 779 1976 tem.
799 1917 847 1993 pie
861 1929 906 1976 at-

143 2029 202 2086 que
217 2013 394 2073 obedienter
410 2011 543 2088 amplexa
560 2016 617 2081 est,
639 2021 672 2067 ut
685 2009 748 2086 ipse
762 2005 905 2067 mirarer*

143 2120 233 2176 quam
252 2103 351 2163 ‘facile
376 2101 537 2163 accusatrix
553 2100 659 2178 potius
688 2097 905 2158 consuetudinis

145 2209 204 2250 suaa
224 2203 250 2264 ³,
270 2211 359 2269 quam
379 2189 568 2268 disceptatrix
594 2188 672 2249 illius
699 2186 906 2266 prohibitionis

144 2283 253 2343 effecta
274 2285 320 2341 sit.
339 2288 404 2342 Non
422 2281 498 2340 enim
521 2279 674 2340 obsidebat
695 2279 829 2358 spiritum
843 2277 905 2356 ejus

146 2375 323 2444 vinolentia,
335 2391 465 2450 *eamque
485 2369 652 2430 stimulabat
669 2372 700 2430 iu
720 2370 821 2430 odium
842 2369 905 2428 veri

186 2557 281 2604 ¹·Joan
294 2568 326 2610 w,
339 2555 380 2601 ll.
474 2586 476 2590 -
681 2579 685 2597 1

183 2632 416 2684 connsuetudinem
428 2631 458 2680 de
471 2645 519 2696 qua
534 2629 574 2680 hie
589 2598 674 2694 agitur,
685 2636 740 2680 tota
755 2579 811 2676 lieet
825 2627 907 2676 Africa

150 2712 245 2774 pridem
264 2721 398 2778 receptam,
414 2711 527 2776 quoniam
543 2710 569 2758 in
585 2705 769 2760 comessationes
785 2715 809 2754 et
829 2705 907 2756 ebrie-

153 2799 213 2845 tates
229 2793 375 2852 dellexerm,
390 2789 529 2842 rescindere
545 2774 654 2838 similiter
671 2773 809 2852 aggreditur
825 2787 907 2850 Augu-

154 2871 243 2932 stinus,
260 2881 284 2922 et
295 2887 323 2921 ea
334 2871 364 2920 de
376 2887 403 2920 re
414 2869 499 2920 scnbrt
516 2867 593 2934 Epist.
604 2870 650 2926 22,
661 2866 692 2915 ad
708 2863 833 2914 Aurelium
851 2867 908 2916 Car-

157 2941 326 3018 thaginensem.
351 2935 489 3014 Quinetiam
508 2947 703 3014 Hipponensem
709 2943 864 2994 Ecclesiam
856 2957 908 3031 lpse

156 3027 261 3080 nondum
277 3031 402 3097 episcopus
418 3029 450 3080 alr
465 3028 539 3078 hocce
552 3041 618 3076 more
633 3025 730 3094 penitus
743 3031 850 3082 micent,
865 3022 909 3070 sic
933 3080 935 3088 γ

157 3109 193 3158 uti
207 3111 279 3161 fidem
294 3111 352 3160 iacit
368 3099 444 3176 Epist.
465 3112 507 3168 29,
523 3107 554 3159 od
575 3105 749 3174 Alypium.
723 3135 728 3144 ,
815 3123 816 3130 ¹
