2316 4020
240 447 241 450 ,
285 401 541 455 CONFESSIONUM
558 403 660 453 LIBER*
672 405 704 452 V.
825 409 873 456 lto

118 505 210 564 ctrinae
221 503 341 582 pietatis
355 505 478 562 sormam
490 503 635 580 pertinere
655 503 829 580 arbitretur,
845 523 873 568 et

118 593 288 671 pertinacius
302 594 448 652 affirmare
466 592 573 650 audeat
586 594 666 669 quod
679 586 801 672 ignorat.
817 599 874 656 Sed

118 685 197 742 etiam
211 683 279 742 talis
293 683 446 742 infirmitas
459 683 490 741 in
503 683 570 742 fidei
582 683 733 744 cunabulis
747 688 874 746 achari-

119 785 168 830 tate
193 785 289 832 matre
313 775 484 845 sustinetur,
509 773 603 831 donec
627 787 756 853 assurgat
779 797 873 838 novus

118 861 197 921 homo
209 864 241 921 in
259 864 362 923 virum
380 865 556 942 perfectum,
575 876 604 922 et
618 865 800 926 circumferri
815 890 874 928 non

34 1005 35 1010 ,
119 953 200 1027 possit
213 955 295 1012 omni
310 967 398 1013 vento
412 954 552 1012 doctrinae
566 965 586 1012 ¹.
598 960 633 1014 In
643 955 695 1014 illo
714 969 811 1016 autem
824 960 874 1036 qui

119 1041 226 1116 doctor,
239 1046 293 1122 qui
309 1039 422 1117 auctor,
435 1046 485 1124 qui
500 1046 561 1104 dux
574 1059 603 1104 et
621 1047 759 1126 princeps
771 1068 873 1108 eorum

120 1133 217 1208 quibus
229 1136 283 1194 illa
304 1137 454 1209 suaderet,
468 1139 509 1197 ita
523 1137 586 1196 fieri
601 1155 687 1196 ausus
707 1150 764 1210 est,
777 1127 874 1216 utqui

120 1241 178 1283 eum
203 1241 417 1304 sequerentur,
439 1249 497 1288 non
525 1227 686 1306 quemlibet
708 1228 873 1300 hominem,

120 1313 165 1370 sed
182 1316 328 1394 Spiritum
348 1331 431 1376 tuum
447 1331 578 1377 sanctum
596 1339 627 1377 se
647 1320 729 1396 sequi
750 1319 875 1378 arbitra-

120 1415 227 1478 rentur3
251 1409 323 1485 quis
349 1421 459 1466 tantam
480 1397 671 1480 dementiam,
689 1408 785 1468 sicubi
804 1410 875 1468 falsa

121 1491 217 1554 dixisse
239 1498 485 1570 convinceretur,
504 1519 564 1557 non
586 1499 784 1558 detestandam
809 1500 875 1557 lon-

120 1598 204 1658 geque
223 1585 425 1664 abjiciendam
446 1607 507 1646 esse
524 1577 690 1664 judicaret?
707 1587 763 1646 Sed
779 1601 875 1647 mmen

119 1673 239 1733 nondum
255 1677 374 1753 liquido
389 1696 588 1755 compereram
605 1689 704 1735 utrum
726 1677 811 1735 etiam
830 1699 875 1736 se-

121 1763 240 1823 cundum
262 1767 330 1846 ejus
351 1766 458 1838 verba,
479 1767 693 1826 vicissitudines
712 1766 875 1844 longiorum

120 1862 145 1908 et
156 1851 329 1920 breviorum
343 1856 456 1914 dierum
478 1859 565 1934 atque
582 1855 726 1926 noctium,
740 1868 770 1912 et
784 1856 876 1933 ipsius

121 1945 205 2003 noctis
219 1959 249 2005 et
266 1946 345 2017 diei,
358 1959 388 2004 et
404 1945 532 2024 deliquia
547 1947 702 2016 luminum,
721 1945 789 2004 etsi
805 1946 875 2022 quid

121 2030 257 2108 ejusmodi
269 2037 303 2094 in
321 2036 382 2100 aliis
398 2031 480 2094 libris
493 2029 636 2114 legeram,
647 2047 744 2112 posset
754 2035 875 2112 exponi3

123 2131 164 2194 ut,
172 2125 194 2182 si
206 2126 287 2186 forte
300 2137 413 2204 posset,
425 2125 570 2184 incertum
583 2124 700 2202 quidem
712 2124 782 2182 mihi
793 2125 876 2182 fieret

123 2222 213 2274 utrum
233 2218 280 2278 ita
298 2236 328 2274 se
346 2235 393 2273 res
411 2213 547 2285 haberet,
564 2233 599 2272 an
616 2212 676 2272 non¹
691 2214 750 2285 ita,
765 2213 816 2272 sed
837 2212 874 2272 ad

123 2295 205 2362 idem
218 2317 317 2366 meam
328 2305 405 2364 illius
416 2303 632 2388 auctoritatem,
648 2316 768 2381 propter
783 2303 876 2362 credi-

123 2401 177 2452 tam
190 2397 390 2468 sanctitatem,
407 2405 615 2473 praeponerem.

391 2568 525 2630 CAPUT
545 2567 602 2630 VI.

128 2723 220 2776 Faustus
239 2728 367 2794 eloquens,
381 2725 423 2776 sed
438 2725 574 2778 liberalium
591 2723 771 2792 disciplinarum
781 2739 877 2790 expers.

168 2869 209 2928 10.
222 2877 259 2931 Et
270 2893 324 2951 per
337 2892 427 2931 annos
439 2873 531 2931 ferme
545 2872 623 2950 ipsos
640 2889 758 2943 novem,
769 2867 883 2949 quibus·

131 2973 175 3015 eos
185 2962 278 3022 animo
287 2961 477 3042 vagabundus
488 2961 597 3036 audivi,
607 2961 691 3019 nimis
700 2973 818 3021 extento
827 2962 877 3019 de·

165 3128 272 3196 ¹Ephes.
282 3147 315 3193 rr,
329 3133 373 3190 1³,
391 3133 431 3179 tt.
