2316 4020
274 561 528 616 GONFESSIONUM
545 563 640 610 LIBER
659 563 704 610 Vl.
825 563 872 611 147

110 673 222 738 occidit3
234 672 353 743 spiritus
371 677 464 742 aetem
480 663 627 735 vivificat¹
647 682 737 720 :cum
754 682 789 722 ea
807 684 873 742 quae

111 761 144 819 ad
162 761 291 818 litteram
316 756 539 835 perversitatem
558 749 664 810 docere
685 753 873 830 videbantur,

111 861 217 908 remoto
234 847 363 926 mystico
376 845 542 902 velamento
565 840 756 920 spiritualiter
774 848 873 923 aperi-

111 951 166 1011 ret,
180 959 240 997 non
255 937 359 996 dicens
378 933 459 1015 quod
479 953 526 990 me
543 932 718 1006 offenderet,
741 938 873 1012 quamvis

113 1046 144 1088 ee
158 1029 280 1100 diceret,
296 1045 362 1104 quae
374 1035 474 1084 utrum
487 1041 557 1080 vert
570 1035 665 1082 essent
678 1023 775 1082 adhuc
789 1025 873 1104 igno-

113 1139 212 1178 rarem.
226 1115 378 1178 Tenebam
395 1115 472 1174 enim
490 1134 652 1172 cormeum
674 1115 711 1174 ab
726 1117 806 1176 omni
825 1138 873 1178 es-

113 1205 250 1282 sensione,
280 1210 385 1268 timens
415 1205 628 1283 praecipitium
657 1217 688 1264 et
715 1207 871 1283 suspendio

112 1301 195 1378 magis
205 1298 346 1381 necaber.
358 1295 501 1358 Volebam
513 1296 590 1358 enim
610 1315 711 1354 eorum
729 1317 795 1374 quae
810 1322 870 1361 non

113 1390 237 1449 viderem
258 1390 303 1448 ita
318 1407 366 1446 me
380 1399 493 1446 eerttim
516 1386 589 1458 fieri,
605 1398 640 1444 ut
658 1400 759 1454 certus
779 1409 871 1453 essem

113 1480 185 1556 quod
209 1491 327 1558 septem
350 1490 380 1536 et
397 1477 453 1536 tria
470 1475 572 1534 decem
590 1476 655 1534 sint
672 1481 774 1555 Neque
793 1484 870 1543 enim
933 1467 938 1483 ’

114 1584 166 1634 tem
178 1572 301 1632 insanus
317 1588 406 1641 erem,
420 1579 503 1626 utne
523 1567 580 1624 hoe
596 1568 716 1644 quidem
735 1583 870 1648 putarem

111 1681 189 1739 posse
205 1659 438 1740 comprehendi3
449 1658 500 1720 sed
523 1659 598 1718 sicut
618 1658 689 1731 hoc,
703 1661 743 1718 ita
766 1676 870 1722 caetera

112 1752 277 1831 cupiebam,
293 1751 358 1810 sive
371 1749 535 1828 corporalia
549 1769 614 1825 quae
627 1769 725 1808 eorem
738 1751 869 1814 sensibus

112 1845 178 1905 meis
190 1865 251 1904 non
267 1843 420 1913 adessent5
437 1841 499 1900 sive
513 1841 683 1920 spiritualia,
707 1841 743 1900 de
762 1843 869 1920 quibus

113 1937 234 2016 cogitare
255 1934 313 1996 nisi
332 1933 523 2011 corporaliter
536 1930 711 1990 nesciebam.
726 1937 763 1989 Et
776 1939 870 1995 sanari

114 2025 256 2087 credendo
278 2036 421 2102 poteram,
445 2031 478 2082 ttt
495 2021 647 2098 purgatior
666 2022 744 2081 acies
765 2027 869 2095 metitis

113 2134 178 2174 mere
202 2115 385 2192 dirigeretur
414 2111 512 2188 aliquo
542 2110 631 2172 modo
656 2111 687 2170 in
715 2115 868 2175 veritatem

112 2218 187 2266 tuem
216 2203 337 2283 s'emper
361 2213 540 2273 metientem,
563 2211 605 2260 et'
624 2223 662 2262 ert
684 2205 765 2264 nullo
795 2206 868 2266 dett-

112 2297 241 2360 cientem.
261 2295 319 2357 Sed
345 2295 420 2356 siotrt
441 2294 567 2351 evenire·
581 2296 687 2352 assolet
706 2309 740 2371 ut
758 2299 867 2362 malurn

113 2389 259 2450 medicum
273 2398 422 2465 expertus,
435 2385 522 2444 etiam
536 2383 616 2444 bono
631 2387 731 2446 timeat
743 2408 869 2452 socom-¹
964 2429 967 2450 ι

114 2477 241 2550 mittere3
263 2477 304 2538 ite
324 2488 388 2536 eret
409 2472 550 2534 valetudo
573 2476 676 2534 animae
696 2477 868 2559 meri‚'qure

115 2568 212 2646 utique
228 2567 287 2628 nisi
299 2564 447 2626 eredendo
460 2565 557 2624 sanari
571 2585 628 2624 non
644 2579 769 2643 poteret,
788 2583 818 2630 et
831 2591 868 2630 ne

115 2657 181 2720 tata
195 2657 344 2732 crederer,
358 2656 456 2716 curari
470 2656 638 2728 recusabam
650 2661 787 2718 resistens
806 2682 869 2720 nra-

116 2747 198 2810 nihtrs
221 2750 296 2822 tuis,
317 2750 368 2826 qui
385 2743 597 2807 medicamenta
617 2735 868 2825 fidei'eorrleeisti,

118 2851 146 2897 et
163 2840 294 2920 sparsisti
312 2859 402 2918 super
423 2838 543 2898 morbos
562 2838 644 2897 orbis
664 2852 822 2918 terrarum,
840 2857 870 2906 et

121 2940 224 2991 nutam
244 2930 302 2989 illis
318 2930 521 2990 anctoritatem
543 2927 680 2990 tribuisti.

154 3113 196 3160 ¹11
206 3113 265 3162 Cor.
282 3123 324 3168 nr,
338 3115 363 3161 o.
