2320 4016
236 467 268 522 ¹²
417 487 442 540 a
460 485 641 542 aoonsttm
657 489 799 540 mncom

232 589 293 664 sui,
304 601 333 650 et
344 585 540 652 testimonium
554 591 624 669 quia
634 589 768 669 superbis
779 589 923 648 resistis*¹
936 610 943 647 :
955 599 985 648 ot

232 694 327 740 tamen
338 681 458 740 laudaro
469 694 499 740 te
509 682 574 740 vult
582 681 692 754 homo,
706 680 804 758 aliqua
813 679 910 758 portio
920 697 986 738 ore·

232 784 322 830 aturae
336 783 402 832 tuae.
417 776 460 831 Tu
475 773 599 844 excitas,
614 784 648 830 ut
661 771 780 830 laudare
796 783 824 828 te
842 766 988 842 delectem·

231 857 406 939 quiaieoisti
419 877 475 920 nos
491 859 528 920 ad
539 875 569 920 te
574 891 590 934 ,ν
595 872 625 920 et
637 854 804 938 inquietmn‘
813 873 858 920 est
865 869 918 922 tot
930 873 986 918 no·-

231 963 334 1024 strum,
346 951 439 1010 donec
450 950 614 1027 requiescat
628 949 659 1007 io
672 960 710 1006 te.
718 955 773 1007 ‘Da‘
783 949 869 1020 mihi,
880 949 985 1012 Domi-

230 1061 281 1114 ne,
294 1041 368 1099 scire
380 1053 409 1099 et
422 1039 582 1117 intelligere
590 1051 692 1096 utrum
706 1037 836 1116 sitlplrins
850 1039 985 1098 invocate

232 1142 273 1203 te,
285 1149 321 1187 an
334 1129 453 1188 laudare
466 1139 511 1200 te;
522 1139 552 1185 et
566 1121 640 1185 inire
654 1139 683 1184 to
694 1127 779 1204 prius'
788 1127 841 1200 sit,
855 1147 892 1185 an
901 1127 985 1186 invo-

232 1239 297 1278 care
311 1233 347 1278 te.
364 1217 420 1278 sed
430 1218 496 1296 quis
507 1229 536 1276 te
549 1217 681 1292 invocat,
691 1217 822 1276 nesciens
836 1219 884 1276 te?
898 1209 993 1277 Aliud'

229 1309 308 1368 enim
326 1329 382 1387 pro
399 1309 456 1367 aiio
472 1318 569 1386 potest
580 1307 719 1370 invocaro
734 1305 866 1366 nesciens
884 1305 920 1366 t'e.
941 1309 986 1366 A'n'

231 1399 328 1476 potius
345 1399 507 1471 invocaris,
525 1410 559 1456 ut
580 1397 700 1458 sciatis?
718 1399 873 1490 Quomodo
889 1410 986 1458 autom

230 1487 410 1548 invocabunt
422 1489 454 1548 in
465 1505 626 1566 quomnon
639 1473 844 1548 crediderunt?
854 1500 904 1548 aut
917 1497 994 1566 quo·

231 1579 320 1636 modo
336 1578 456 1638 credent
471 1579 533 1638 sine
546 1578 758 1657 praedicante¹i
770 1581 807 1658 Et
824 1574 988 1658 laudabunt

231 1669 388 1744 Dominum
401 1669 453 1747 qui
463 1670 617 1746 requirunt
627 1658 720 1726 eam³.
731 1669 898 1744 Quatentos
909 1667 986 1728 enim

231 1756 475 1831 invenientem,
490 1771 525 1838 ‚ot
540 1749 720 1835 invenientes'
735 1755 898 1836 laudabunt
909 1777 984 1816 eum.

231 1849 366 1921 Quaemm
380 1860 424 1922 te,
437 1848 578 1922 Domine,
597 1849 734 1908 invocans
748 1860 792 1920 te;
811 1859 841 1906 et
852 1847 986 1908 invocem

231 1947 279 2007 to‘,
293 1936 414 1995 credens
431 1937 463 1995 in
480 1949 509 1996 te
530 1959 538 1994 ε
557 1937 732 2016 praedioams
750 1938 826 1996 enim
846 1955 877 1996 es
891 1936 987 1996 nobis.

231 2027 353 2083 Invocat
374 2038 415 2097 te,
439 2027 578 2098 Domino,
599 2025 672 2085 fidos
688 2045 755 2086 mea
770 2047 861 2106 quam
880 2026 987 2086 dedisti

232 2111 323 2186 mihi,
343 2133 430 2191 quam
448 2113 597 2192 inspirasti
614 2115 688 2175 mihi
706 2136 760 2194 per
778 2117 986 2178 humanitatem

232 2202 299 2260 Filii
315 2203 371 2276 tui,
384 2223 438 2281 per
455 2203 646 2265 ministerium
658 2206 858 2286 praedicatoris
874 2208 927 2268 tui.

411 2417 413 2429 ¹
509 2387 642 2452 CAPUT
662 2390 712 2452 11,

269 2549 348 2600 Deum
359 2565 432 2616 quem
440 2549 535 2602 invocat
546 2550 574 2602 in
587 2551 641 2620 ipso
649 2550 845 2622 conripiantque
854 2553 951 2606 intono.

273 2695 302 2754 2.
312 2701 349 2756 Et
357 2698 505 2776 quomodo
517 2698 662 2760 invocabo
671 2699 766 2760 Deum
775 2715 883 2776 meum,
891 2705 987 2761 Deum

234 2799 264 2844 et
287 2788 445 2847 Dominum
464 2792 579 2850 meum?
599 2791 742 2866 Quoniam
761 2791 863 2869 utiqn'e
885 2792 926 2850 in'
939 2809 987 2850 me

233 2877 328 2954 ipsum
341 2895 407 2938 oum
416 2879 542 2954 vocabo,
555 2901 622 2939 cum
632 2879 777 2941 invocabo
786 2901 864 2940 eum.
873 2885 911 2940 Et
921 2881 988 2958 quis

233 2967 315 3026 iocus
331 2980 374 3026 ost
393 2969 424 3027 in
446 2989 493 3028 me
509 2991 567 3048 quo
577 2972 678 3031 'veniat
691 2971 722 3030 in
735 2991 781 3030 me
794 2977 874 3032 Deus
885 2973 989 3030 meus?

234 3075 293 3133 quo
306 3063 386 3118 Deus
397 3061 496 3118 veniat
508 3061 539 3120 in
551 3081 610 3138 me,
625 3067 704 3122 Deus
721 3063 772 3141 qni
795 3063 863 3122 iecit
882 3063 987 3121 coelum

272 3209 941 3276 ¹metant-anomia,tta-mnan,27.
1024 3284 1027 3289 .
