2394 4010
346 451 593 504 courusstouum
610 453 705 503 LIBER
722 456 756 504 X.
878 455 926 506 297

173 555 354 632 accepimus,
370 554 420 612 sed
436 573 484 612 eas
503 555 566 632 ipse
581 556 692 614 animus
706 575 760 633 per
774 555 928 632 experien-

172 645 240 701 tiam
251 644 417 721 passionum
430 661 546 718 suarum
558 644 680 703 sentiens
694 645 840 703 memoriae
853 663 930 702 com-

171 734 333 805 mendavit,
348 747 400 792 aut
419 734 482 811 ipsa
497 733 553 792 sibi
574 736 637 794 haec
660 736 748 794 etiam
767 755 827 794 non
848 753 930 793 com-

173 823 307 882 mendata
320 823 448 882 retinuit
470 896 478 906 ι

438 977 571 1039 CAPUT
591 979 663 1044 XV.

333 1124 479 1192 Etiamque
495 1125 584 1176 absunt
605 1124 766 1177 meminimus.

215 1268 263 1325 23.
286 1266 342 1327 Sed
362 1279 462 1326 utrum
482 1287 536 1345 per
552 1267 706 1346 imagines,
720 1287 757 1326 an
777 1289 847 1342 non,
864 1272 929 1348 quis

175 1358 259 1416 facile
283 1356 406 1422 dixerit?
426 1357 549 1416 Nomino
574 1358 683 1436 quippe
704 1357 848 1435 lapidem,
870 1379 927 1420 no-

175 1445 254 1503 mino
269 1448 360 1503 solem
367 1487 377 1517 ‚
389 1465 456 1503 cum
467 1465 513 1514 res
527 1445 597 1521 ipsae
608 1465 666 1503 non
679 1444 784 1504 adsunt
797 1447 928 1508 sensibus

174 1535 263 1606 meis;
280 1536 311 1593 in
329 1534 469 1594 memoria
484 1554 552 1592 sane
572 1545 636 1592 mea
649 1546 754 1611 praesto
773 1547 839 1594 sunt
851 1537 927 1595 ima-

174 1625 256 1703 gines
281 1645 389 1683 earum.
408 1623 533 1682 Nomine
554 1623 685 1682 dolorem
710 1625 856 1701 corporis,
874 1645 928 1684 nec

176 1712 249 1770 mihi
262 1713 344 1772 adest
357 1713 427 1771 dum
439 1712 512 1770 nihil
524 1713 617 1783 dolet3
630 1713 685 1772 nisi
704 1724 800 1770 tamen
816 1713 929 1772 adesset

177 1802 272 1877 imago
286 1801 348 1878 ejus
359 1803 389 1859 in
401 1805 540 1862 memoria
550 1821 628 1872 mea,
642 1803 783 1862 nescirem
793 1801 863 1878 quid
879 1802 927 1861 di-

178 1907 284 1960 cerem,
295 1909 347 1948 nec
364 1911 430 1949 eum
444 1892 475 1948 in
488 1890 662 1968 disputando
676 1910 694 1948 a
706 1892 855 1968 voluptate
869 1887 927 1950 dis-

177 1999 333 2037 cernerem.
351 1982 481 2039 .Nomino
495 1983 616 2040 salutem
633 1981 764 2058 corporis
781 2001 849 2040 cum
870 1981 928 2039 sal-

175 2088 230 2126 vus
243 2088 306 2126 sum
320 2089 463 2146 corpore:
481 2069 562 2128 adest
575 2070 646 2128 mihi
661 2069 779 2146 quidem
793 2090 839 2130 res
853 2070 928 2148 ipsa3

174 2172 373 2219 verumtamen
387 2161 443 2219 nisi
461 2174 491 2219 et
507 2163 603 2238 imago
616 2159 679 2237 ejus
696 2161 803 2220 inesset
815 2161 845 2218 in
866 2180 929 2219 me-

175 2250 267 2309 moria
285 2271 365 2321 mea,
380 2253 460 2310 nullo
483 2251 570 2310 modo
588 2249 758 2310 recordarer
777 2251 850 2328 quid
869 2250 928 2308 hu-

172 2339 220 2416 jus
240 2341 363 2400 nominis
381 2342 554 2417 significaret
569 2362 666 2400 sonus.
680 2347 740 2400 Nec
759 2353 928 2419 aegrotantes

175 2441 362 2508 agnoscerent
372 2431 464 2490 salute
473 2433 618 2490 nominata
627 2431 699 2508 quid
712 2443 787 2490 esset
798 2430 927 2502 dictum;

174 2521 229 2578 nisi
237 2519 339 2578 eadem
350 2519 446 2594 imago
455 2521 485 2579 vi
493 2522 637 2580 memoriae
649 2532 811 2591 teneretur,
822 2538 928 2596 quam-

174 2611 218 2666 vis
231 2610 294 2687 ipsa
309 2627 355 2665 res
370 2607 482 2666 abesset
496 2629 514 2666 a
532 2628 665 2686 corporea
687 2608 818 2666 Nomino-
827 2625 930 2664 nume-

176 2715 224 2754 ros
240 2696 347 2774 quibus
360 2716 561 2767 numeramus,
578 2709 607 2754 et
625 2697 731 2754 adsunt
744 2696 776 2751 in
791 2695 931 2754 memoria

178 2804 242 2844 mea
262 2807 320 2845 non
344 2787 483 2866 imagines
504 2806 622 2857 eorum,
645 2785 695 2844 sed
717 2783 783 2861 ipsi.
806 2785 930 2844 Nomine

177 2873 331 2948 imaginem
344 2876 428 2948 solis,
440 2889 468 2934 et
482 2876 543 2936 haec
557 2873 639 2933 adest
649 2875 681 2934 in
694 2873 833 2937 memoria
844 2891 928 2934 mea:

176 2982 272 3040 neque
288 2963 364 3022 enim
375 2965 529 3043 imaginem
543 2964 674 3042 imaginis
686 2963 763 3041 ejus,
775 2963 825 3022 sed
835 2963 929 3041 ipsam

175 3054 292 3125 recol03
304 3053 367 3131 ipsa
381 3055 454 3114 mihi
467 3043 661 3116 reminiscenti
679 3067 786 3133 praesto
799 3067 851 3114 est.
866 3059 928 3114 No-

176 3143 255 3203 mino
268 3144 452 3221 memoriam,
466 3159 496 3206 et
513 3165 636 3225 agnosco
652 3144 732 3224 quod
749 3145 876 3204 nomino.
893 3147 930 3200 Et
