2336 3984
246 402 296 448 368
432 399 456 446 S.
475 397 657 449 cucusum]
674 401 820 451 uetscoet

245 505 350 558 Utrum
376 499 407 556 in
429 499 543 572 futuro,
564 501 642 559 unde
666 502 815 580 praeterit?
840 501 897 560 Sed
923 503 1014 580 quod

244 590 375 647 nondum
396 600 453 660 est,
478 610 537 648 uon
566 592 713 650 metimur.
737 597 783 650 An
802 593 832 650 in
855 594 1012 669 praesenti,

245 698 303 756 qua
323 679 472 756 praeterit?
489 680 546 739 Sed
565 682 678 740 nullum
696 682 823 760 spatium
840 693 900 739 non
920 683 1013 741 meti—

245 787 320 826 mur.
334 773 380 825 An
394 768 425 826 iu
441 769 603 847 praeterito,
617 790 677 846 quo
690 771 837 849 praeterit?
851 769 907 832 Sed
924 771 1011 847 quod

242 858 302 935 jam
324 879 384 917 non
405 871 467 930 est,
487 880 546 918 non
567 860 714 918 metimur.

495 1035 629 1099 carur
649 1036 755 1099 xxu.
780 1117 784 1121 ¹

334 1199 397 1248 aasz
413 1175 544 1264 augme.
562 1199 633 1250 ecus
649 1198 820 1251 crunnum
836 1205 897 1252 nu.

286 1355 334 1415 28.
356 1357 472 1416 Exarsit
487 1357 599 1417 animus
619 1379 701 1418 meus
713 1379 797 1418 nosse
810 1359 1007 1439 istud'impli-

245 1448 422 1508 carissimum
451 1449 579 1528 aenigma.
605 1450 671 1508 Noli
701 1449 851 1522 claudere,
879 1452 1007 1511 Domine

245 1545 325 1607 Deus
343 1561 425 1599 meus
438 1540 515 1599 bone
529 1547 623 1614 Pater,
637 1561 690 1619 per
706 1541 851 1600 Christum
870 1540 1008 1617 obsecre,

245 1630 306 1688 ncli
328 1631 464 1689 claudere
484 1631 629 1690 desiderio
643 1650 707 1689 meo
726 1631 795 1702 ista,
809 1642 839 1689 et
852 1629 958 1689 usitata
974 1644 1008 1692 et

245 1719 354 1793 abdita,
366 1722 522 1797 quominus
535 1722 565 1779 in
579 1741 613 1779 ea
625 1733 771 1798 penetret,
784 1733 813 1778 et
827 1720 1008 1782 dilucescant

245 1813 388 1871 allucente
416 1813 617 1872 misericordia
647 1827 717 1885 tua,
743 1811 878 1871 Domine.
909 1817 1006 1888 Quem

245 1901 442 1980 percontabor
455 1903 491 1961 de
505 1903 568 1960 his?
583 1915 612 1960 ct
628 1903 675 1961 cui
692 1903 869 1960 fructuosius
884 1903 1006 1962 conlite-

244 1992 301 2052 bor
320 1995 496 2071 imperitiam
514 1997 622 2068 meari,
642 1994 696 2053 nisi
716 1992 770 2051 tibi
790 1992 837 2050 cui
856 2013 916 2052 ncn
936 2009 1005 2053 sunt

245 2084 366 2142 molesta
380 2084 476 2142 studia
490 2105 564 2156 mea,
579 2083 756 2142 flammantia
769 2081 957 2164 vehementer
972 2085 1004 2142 in

245 2174 408 2250 Scripturas
421 2177 505 2233 tuas?
520 2180 565 2233 Da
579 2175 659 2252 quod
677 2194 744 2232 amo
761 2194 768 2229 ι
786 2192 851 2230 amo
868 2174 959 2245 enim,
974 2189 1004 2232 et

244 2260 301 2318 hoc
317 2274 348 2318 tu
363 2261 476 2319 dedisti.
492 2266 550 2333 Da,
569 2268 664 2333 Pater,
683 2263 818 2339 quivere
838 2263 914 2343 nosti
928 2264 1004 2323 data

243 2350 322 2408 bona
338 2349 408 2407 dare
422 2350 487 2408 filiis
500 2351 582 2408 tuis¹.
596 2357 655 2424 Da,
667 2352 805 2430 quoniam
822 2354 935 2432 suscepi
950 2375 1004 2414 co·

244 2440 410 2518 gnoscere*,
418 2453 449 2497 et
462 2440 545 2499 labor
555 2455 598 2500 est
609 2456 675 2501 ante
689 2464 735 2502 me
746 2454 766 2516 ²,
778 2444 870 2503 donec
880 2445 1002 2522 aperias.

243 2528 299 2590 Per
318 2531 464 2591 Christum
484 2531 621 2606 obsecro,
639 2533 671 2592 in
691 2534 808 2592 nomine
827 2533 889 2611 ejus
907 2537 1003 2595 Sancti

244 2615 425 2696 sanctorum,
441 2643 527 2682 nemo
543 2624 615 2682 mihi
629 2623 789 2705 obstrepat.
807 2629 843 2681 Et
864 2644 917 2704 ego
938 2646 1003 2686 cre-

245 2714 317 2788 didi,
341 2729 462 2794 propter
483 2716 573 2794 quod·
584 2728 613 2774 et
631 2717 736 2794 loquor
747 2716 767 2772 ³.
788 2719 856 2773 Haec
876 2729 920 2775 est
937 2737 1002 2795 spes

244 2825 321 2877 mea,
334 2807 371 2864 ad
388 2807 464 2864 hanc
477 2808 574 2886 vivo*¹
589 2820 619 2864 ut
638 2808 817 2884 contempler
833 2795 1003 2866 delectatio-

244 2887 310 2952 nem
323 2897 449 2954 Domini.
464 2900 539 2955 Ecoe
553 2909 665 2956 veteres
678 2893 802 2974 posuisti
816 2894 878 2954 dies
892 2915 971 2956 meos
981 2897 1004 2971 ⁴,

283 3049 447 3112 ¹Matth.rrr,
464 3027 1002 3116 11'.-=rsu.mu,1c.-'³nu.cn,

247 3129 526 3192 r.-tt²sal.xxxvm,
538 3138 564 3183 6.
