2394 4010
275 449 326 497 300
459 445 483 496 S.
503 443 684 497 Aucusrml
702 445 842 499 EPISCOPI

274 549 397 626 seipsam
418 550 447 607 in
463 549 603 608 memoria
619 561 733 608 tenetur
745 551 873 620 oblivio,
887 551 951 630 ipsa
968 554 1030 612 uti·

272 657 331 715 que
350 637 450 696 aderat
467 652 501 696 ut
521 637 584 714 ejus
602 639 698 715 imago
716 652 878 717 caperetur.
893 644 965 699 Cum
978 662 1031 701 au—

188 769 190 772 ·
275 740 332 786 tem
351 727 475 800 adesset,
488 727 636 806 quomodo
649 729 803 804 imaginem
817 749 899 787 suam
918 731 948 788 in
964 751 1029 790 me-

275 819 368 876 moria
393 818 613 890 conscribebat,
636 818 753 894 quaudo
778 818 810 875 id
837 819 925 876 etiam
949 819 1031 898 quod

273 905 335 982 jam
349 919 479 966 notatum
492 908 616 977 invenit,
630 903 783 989 praesentia
796 927 848 965 sua
861 907 938 966 delet
953 907 1031 966 obli-

276 996 346 1053 vio?
358 1001 395 1054 Et
410 1009 506 1055 tamen
521 1015 708 1073 quocumque
718 996 822 1067 modo,
834 997 903 1054 licet
916 998 953 1054 sit
964 1015 1031 1056 mo-

276 1085 330 1142 dus
351 1086 406 1144 iste
426 1085 726 1162 incomprehensibilis
747 1099 776 1145 et
800 1085 1029 1164 inexplicabilis,

275 1175 362 1234 etiam
381 1177 473 1253 ipsam
493 1175 669 1234 obliuionem
680 1175 853 1235 meminisse
869 1195 916 1235 me
932 1191 1029 1237 certus

275 1283 355 1336 sum,
372 1265 475 1341 quaid
490 1265 571 1343 quod
591 1266 805 1324 meminerimus
824 1264 966 1326 obruitur.

519 1429 652 1494 CAPUT
671 1431 777 1495 XVII.

301 1575 391 1642 Magna
408 1575 528 1630 memorie
543 1577 594 1638 vis,
611 1577 654 1628 sod
673 1576 737 1628 ultra
754 1577 955 1649 progrediendum
973 1589 1001 1630 ut

541 1658 671 1724 attingatur
689 1661 763 1707 Deus.

315 1805 362 1864 26.
375 1810 479 1884 Magna
491 1807 536 1865 vis
548 1819 591 1866 est
600 1805 760 1876 memoriae,
769 1803 866 1861 nescio
877 1803 949 1880 quid
961 1803 1029 1861 hor-

276 1897 415 1967 rendum,
430 1901 509 1955 Deus
519 1917 618 1967 meus,
630 1893 775 1972 profunda
786 1903 816 1951 et
831 1893 944 1951 infinita
953 1893 1029 1950 mul-

277 1985 428 2064 tiplicitas3
450 1999 479 2043 et
497 1986 554 2044 hoc
572 1985 684 2043 animus
701 1994 758 2053 ast,
776 1995 805 2039 et
822 1982 878 2040 hoc
896 2001 950 2058 ego
965 1982 1029 2059 ipse

276 2093 349 2132 sum.
364 2074 443 2147 Quid
460 2093 528 2151 ergo
542 2093 623 2144 sum,
639 2079 717 2130 Deus
734 2073 835 2128 meus?
847 2090 913 2147 quae
924 2083 1029 2131 natura

276 2163 357 2221 sum?
374 2163 476 2235 Varia,
492 2162 663 2222 multimoda
680 2162 753 2234 vita,
772 2172 801 2218 et
816 2160 957 2220 immensa
972 2181 1027 2220 ve-

275 2253 432 2310 hementer.
456 2257 531 2310 Ecce
552 2254 583 2310 in
601 2252 748 2310 memoriae
771 2270 842 2309 meae
867 2251 975 2329 campis
998 2264 1028 2308 et

276 2339 365 2398 antris
379 2353 408 2397 et
420 2343 550 2400 cavernis
561 2333 833 2412 innumerabilibus,
844 2351 931 2416 atque
940 2341 1028 2398 innu-

276 2428 454 2488 merabiliter
473 2431 566 2509 plenis
582 2431 838 2492 innumerabilium
857 2449 956 2487 rerum
978 2449 1028 2507 ge·

274 2519 408 2592 neribus,
424 2523 485 2580 sive
498 2542 551 2600 per
562 2523 715 2600 imagines,
729 2523 804 2580 sicut
819 2519 948 2578 omnium
960 2539 1027 2580 cor-

274 2629 392 2688 porum;
405 2613 465 2670 sive
478 2634 532 2691 per
542 2614 739 2692 praesentiam,
750 2613 824 2670 sicut
837 2611 956 2681 artium3
964 2609 1027 2668 sive

274 2720 329 2777 per
343 2702 440 2760 nescio
455 2722 526 2779 quas
546 2704 677 2762 notiones
691 2703 738 2762 vel
758 2701 934 2771 notationes,
952 2701 1027 2759 sicut

274 2788 461 2849 affectionum
483 2792 587 2864 animi,
604 2794 676 2871 quas
699 2803 729 2848 et
752 2809 819 2847 cum
840 2788 951 2846 animus
969 2809 1028 2847 non

274 2878 398 2954 patitur,
412 2882 551 2939 memoria
565 2892 655 2951 tenet,
669 2899 736 2938 cum
747 2878 778 2934 in
791 2877 887 2934 animo
898 2876 936 2934 sit
945 2876 1029 2953 qnid-

274 2966 346 3044 quid
360 2980 403 3026 est
418 2969 449 3026 in
463 2969 622 3028 memoria:
638 2987 691 3046 per
704 2966 767 3024 haec
785 2967 882 3024 omnia
894 2965 1027 3024 discurro

274 3069 303 3116 et
327 3058 434 3130 volit03
458 3059 513 3116 hac
536 3058 603 3116 illac
625 3069 746 3136 penetro
772 3055 858 3114 etiam
885 3067 1026 3132 quantum

274 3167 407 3225 possum,
419 3159 448 3206 et
460 3148 524 3208 finis
535 3167 695 3226 nusquam
710 3159 788 3206 tanta
800 3147 845 3205 vis
859 3157 903 3204 est
915 3161 1027 3203 memo·
