2356 4018
346 443 595 494 GONFESSIONUM
612 448 705 497 LIBER
723 450 770 497 tx.
887 455 937 500 259

181 549 259 604 Deus
271 543 471 602 meusl‘Uude
488 545 613 603 curasti?
625 549 704 606 unde
720 549 844 607 sanasti?
857 553 935 608 Non-

181 655 218 704 pe
230 633 379 712 protulisti
393 629 501 690 durum
514 646 543 692 et
554 644 673 694 abutum
688 657 725 694 ex
736 639 827 698 altera
840 641 937 698 anima

180 723 365 803 convicium,
376 731 515 800 tanquam
529 719 704 784 medicinale
720 727 830 788 ferrum
842 748 878 788 ex
892 750 939 788 oc-

180 815 265 872 cultis
283 811 503 892 provisionibus
511 815 598 887 -tuis,
609 829 639 873 et
654 837 714 876 uuo
727 818 788 876 ictu
804 819 937 896 putredi-

86 903 88 907 ’
180 923 247 960 nem
260 904 340 960 illam
359 894 666 981 praecidistilrlricilla
688 906 767 964 euim
790 926 856 965 oum
879 929 937 986 (pua

179 989 291 1050 solebat
304 990 442 1068 aceedere
461 991 500 1050 ad
518 1011 659 1072 cuppam,
673 993 790 1072 litigans
804 1017 872 1054 cum
887 997 938 1054 do-

179 1083 257 1141 mina
268 1083 396 1154 minore,
408 1094 441 1140 ut
452 1082 499 1154 fit,
512 1077 577 1142 sola
587 1103 654 1141 cum
666 1085 740 1157 sola,
755 1085 865 1163 objecit
878 1087 935 1146 boc
986 1117 988 1122 v

180 1173 306 1243 crimen,
320 1171 501 1251 amarissima
514 1173 703 1234 insultatione
716 1196 825 1235 vocaus
844 1178 935 1236 meri—

178 1261 320 1334 bibulam.
341 1268 405 1338 Quo
425 1263 475 1320 illa
496 1264 613 1323 stimulo
632 1286 786 1343 percussa,
807 1269 937 1346 respexit

179 1352 337 1413 foeditatem
351 1373 450 1426 suam,
462 1355 674 1432 confestimque
686 1356 837 1416 damnavit
848 1373 936 1436 atque

178 1441 267 1498 exuit.
294 1443 381 1510 Sicut¹
400 1442 487 1501 amici
511 1442 661 1504 adulantes
684 1459 872 1523 pervertunt,
894 1450 935 1506 sic

177 1530 289 1590 inimici
303 1533 639 1612 litigantesplerumque
656 1537 819 1612 corrigunt.'
830 1541 890 1595 Nee
904 1551 936 1596 tu

177 1622 257 1697 quod
275 1642 328 1700 per
348 1643 397 1680 eos
416 1624 493 1699 agis,
512 1623 570 1696 sed,
583 1624 663 1700 quod
683 1625 740 1702 ipsi
763 1626 934 1698 voluerunt,

177 1713 316 1771 retribuis
335 1701 385 1773 eis.
399 1714 453 1772 Illa
467 1714 545 1771 enim
561 1713 636 1771 irata
656 1709 802 1791 exagitare
822 1718 935 1794 appeti-

179 1802 220 1858 vit
241 1804 384 1862 minorem
405 1802 570 1885 domiuam,
582 1791 649 1861 ‘uon
667 1822 770 1878 sanare
792 1826 799 1859 ε
819 1819 851 1862 et
867 1805 934 1863 ideo

178 1893 324 1964 clanculO,
343 1907 394 1952 aut
412 1894 483 1972 quia
503 1893 543 1951 ita
568 1911 616 1952 eas
635 1894 887 1953 inveneratlocus
906 1909 935 1952 et

178 1996 291 2061 tempus
303 1984 379 2056 litis3
393 1997 443 2042 aut
455 2004 492 2041 ne
510 1983 585 2040 forte
599 1995 628 2040 et
640 1982 704 2061 ipsa
717 1985 934 2062 periclitaretur

178 2073 256 2153 quod
271 2087 329 2132 tam
343 2094 407 2132 sero
421 2072 606 2152 prodidisset.
620 2077 658 2130 At
670 2086 715 2145 tu,
730 2075 857 2132 Domine
862 2117 870 2145 ,
886 2097 934 2132 re-

180 2175 241 2221 ctor
266 2164 393 2224 coelitum
415 2165 428 2191 *
454 2177 482 2221 et
502 2175 699 2234 terrenorum,
720 2162 757 2220 ad
777 2178 846 2221 usus
869 2177 933 2221 tuos

130 2271 132 2278 ’
163 2325 166 2331 Ι
179 2268 373 2332 contorquens
387 2253 535 2332 profunda
549 2253 702 2325 torrentis,
714 2253 827 2312 fluxum
843 2275 935 2313 saecu-

178 2345 273 2402 lorum
288 2343 426 2424 ordinans
440 2341 453 2370 *
468 2342 687 2415 turbulentum,
698 2341 786 2417 etiam
804 2343 841 2402 de
859 2347 933 2402 alte-

177 2436 238 2493 rius
263 2435 369 2493 animae
387 2434 503 2498 insania
522 2433 785 2506 sanastialtemm3
799 2455 836 2493 ne
853 2437 934 2512 quis-

178 2544 266 2600 quam
280 2541 347 2586 cum
359 2525 416 2582 hoc
430 2521 570 2595 advertit,
585 2525 725 2602 potentiae
735 2543 794 2580 suae
807 2523 933 2594 tribuat,
984 2599 987 2606 ι

178 2613 203 2670 si
220 2614 312 2684 verbo
333 2612 394 2690 ejus
409 2613 482 2672 alius
496 2613 670 2689 corrigatur,
686 2632 774 2688 quun
787 2613 851 2670 vult
865 2633 933 2670 cor-

180 2721 245 2778 rigi.

450 2822 659 2916 auruum.
812 2821 826 2851 ‚

280 2994 421 3046 Laudabiles
431 2995 513 3048 matris
525 3011 573 3054 sure
585 3009 663 3044 mores
674 2992 835 3060 prosequitur*

224 3155 268 3214 1-9.
283 3119 411 3216 Educala
424 3147 522 3233 itaqu'e
536 3155 643 3236 pudice
656 3147 809 3232 ausssobrie,
821 3131 944 3230 pertusa
978 3221 983 3225 .
