2352 4094
272 525 322 569 386
458 518 483 566 S.
501 517 681 567 AUGUSTINI
699 519 842 568 EPISCOPI

268 615 446 675 tardioribus
470 627 630 693 utcumque
652 615 865 688 insinuaretur,
885 617 940 675 nisi
964 620 1034 677 usi-

268 721 328 765 tato
342 705 440 782 aliquo
458 703 624 764 vocabulo?
643 706 721 782 Quid
735 720 833 765 autem
846 707 877 764 in
889 707 1034 768 omnibus

267 794 370 854 mundi
397 794 530 871 partibus
560 795 683 875 reperiri
708 809 805 874 potest
831 798 1030 876 propinquius

266 885 436 945 informitati
455 881 652 958 omnimodae,
677 907 766 966 quam
789 900 868 947 terra
891 902 920 946 et
942 887 1031 966 abys-

267 967 334 1040 sus?¹
346 977 443 1036 Minus
452 978 534 1036 enim
547 979 681 1055 speciosa
694 990 778 1050 sunt,
791 997 846 1056 pro
864 998 917 1038 suo
931 979 1028 1056 gradu

262 1069 382 1138 infimo,
404 1086 492 1144 quam
516 1080 622 1126 caetera
643 1069 798 1146 superiora
820 1068 974 1147 perlucida
997 1083 1028 1128 et

264 1158 413 1219 luculenta
432 1157 538 1216 omnia.
561 1161 620 1216 Cur
642 1177 712 1236 ergo
736 1178 795 1218 non
817 1149 960 1236 accipiam
979 1160 1027 1216 in·

263 1249 441 1312 formitatem
454 1249 593 1321 materie,
606 1269 694 1327 quam
712 1249 778 1308 sine*
790 1250 887 1328 speeie
902 1250 1023 1320 feceras,

264 1339 342 1398 uude
367 1339 531 1418 speciosum
553 1340 699 1400 mundum
721 1341 850 1412 faceres,
872 1342 914 1400 ita
936 1359 1020 1400 com·

262 1429 350 1486 mode
372 1428 540 1488 hominibus
559 1430 736 1504 intimatam,
762 1444 796 1489 ut
823 1431 1023 1509 appellaretur

263 1534 339 1588 terra
361 1520 510 1578 invisibilis
531 1535 561 1580 et
579 1525 789 1596 incomposita?

541 1675 737 1781 cneori.
786 1763 788 1766 ,

349 1877 399 1923 Cur
414 1874 449 1924 sie
460 1873 580 1940 appellata
590 1873 686 1944 videtur
696 1863 797 1926 materia
810 1873 928 1926 informis.

301 2033 328 2090 5.
344 2035 383 2092 Ut
398 2054 467 2092 cum
482 2033 512 2091 in
528 2035 582 2092 ea*
595 2034 700 2118 quaerit
714 2032 937 2114 cogitatio-quid
948 2054 1019 2092 sen-

258 2143 307 2182 sus
321 2123 459 2202 attingat,
474 2137 504 2185 et
520 2123 590 2182 dicit
603 2123 673 2196 sibi,
689 2131 754 2186 Non
770 2139 813 2184 est
829 2123 1020 2203 intelligibilis

259 2215 354 2274 forma
375 2215 452 2273 sicut
469 2215 543 2286 vita,
560 2215 635 2276 sicut
647 2215 775 2294 justitia,
795 2215 865 2294 quia
881 2217 1018 2276 materies
1053 2235 1056 2240 ·
1152 2225 1153 2234 ‘

259 2318 302 2363 est
315 2323 490 2382 corporum,
504 2323 599 2382 neque
616 2305 769 2378 sensibilis,
784 2306 921 2384 quoniam
936 2305 1018 2383 quod

256 2393 392 2452 videatur
412 2406 442 2451 et
459 2395 539 2471 quod
560 2396 700 2454 sentiatur
717 2396 747 2455 in
768 2395 905 2456 invisibili
925 2408 955 2455 et
973 2399 1019 2455 in-

256 2481 417 2587 composita
428 2501 487 2543 non
500 2495 564 2542 est·
576 2483 647 2543 dum
656 2469 714 2543 sibi
724 2484 788 2544 haec
802 2486 874 2546 dicit
887 2486 1017 2545 hnmana

256 2573 404 2654 cogitatio,
414 2567 536 2635 conetur
548 2593 612 2634 eam
625 2573 677 2634 vel
685 2595 769 2636 nosse
783 2576 954 2693 ignorando,
966 2577 1016 2634 vel

254 2667 392 2745 ignorare
406 2667 562 2728 noscendo.

527 2835 661 2918 curor
682 2829 741 2921 vrss

255 3019 321 3084 Qun
331 2987 389 3071 oua
400 3036 455 3071 eum
468 3019 612 3070 uanius
625 3018 729 3070 sensam
738 3017 769 3068 re
784 3017 887 3069 matera
899 3016 1011 3078 intumi,

553 3100 709 3166 quamn.

294 3253 322 3307 6.
342 3253 404 3327 Ego
426 3268 507 3320 vero,
529 3248 669 3322 Domine,
687 3250 713 3308 si
735 3260 828 3310 totum
845 3247 1011 3308 nuntient*
