2356 4018
318 411 572 462 commortuus
588 412 684 462 utana
702 413 757 460 v11.
868 416 916 464 197

149 511 225 570 iude
237 509 354 570 rediens
370 512 479 570 fecerat
490 507 546 568 sibi
560 515 653 568 Deum
663 529 716 588 per
730 511 843 571 infinita
854 533 919 591 spa·

150 602 195 662 tia
210 603 345 660 locorum
358 602 497 673 omnium,
512 613 541 659 et
551 621 618 660 enm
633 614 787 678 putaverat
799 623 861 664 esse
875 619 916 677 te;

152 705 184 751 et
197 711 267 750 eum
283 693 476 752 collocaverat
493 693 524 749 in
539 691 627 750 corde
640 711 704 763 suo,
716 705 746 750 et
758 694 835 754 facta
855 709 919 755 erat

124 780 132 792 '
152 800 265 842 rursus
280 782 420 860 templum
448 781 524 840 idoli·
538 781 583 838 sui
607 779 833 844 abominandum
853 785 915 845 tibi.

153 875 216 958 Sed
240 887 429 952 posteaquam
455 873 552 932 fovisti
575 887 664 950 eaput
692 876 864 949 nescientis,
888 891 918 936 et

151 964 287 1023 'clausisti
309 965 410 1024 oculos
428 983 509 1022 meos
534 981 571 1022 ue
589 962 724 1023 viderent
742 965 917 1039 vanitatem

152 1054 270 1114 cessavi
283 1053 319 1112 de
331 1073 377 1112 me
390 1054 553 1131 paululum,
567 1066 598 1112 et
612 1054 762 1132 consopita
781 1069 825 1118 est
836 1051 915 1118 insa-

152 1143 208 1205 nia
223 1165 288 1204 mea
303 1168 309 1203 :
326 1157 355 1204 et
366 1145 500 1224 evigilavi
515 1166 545 1204 m
560 1158 598 1218 te,
613 1158 647 1206 et'
655 1146 716 1206 vidi
730 1159 758 1206 te
769 1147 915 1210 infinitum

152 1234 259 1307 aliter3
273 1235 393 1301 etvisus
414 1235 469 1296 iste
487 1256 546 1294 nou
565 1250 688 1296 auarus*
696 1236 878 1298 trahebatur.

425 1395 655 1516 caqurxv„

266 1546 394 1611 Quomodo
406 1543 494 1598 veritas
511 1553 535 1596 et
548 1545 637 1596 falsitas
645 1546 674 1596 'iu
684 1540 808 1598 amaturis.

200 1677 248 1736 21.
263 1683 299 1737 Et
312 1679 428 1757 respexi
447 1678 513 1752 alia,
536 1675 567 1738 et
579 1675 640 1738 vidi
657 1677 709 1736 tibi
723 1678 831 1739 debere
846 1682 919 1758 quia

158 1781 237 1842 sunt,
259 1782 288 1829 et
310 1771 341 1828 in
367 1782 396 1829 te
421 1782 526 1830 cuncta
546 1762 627 1828 finita
651 1790 658 1826 ε
678 1770 730 1830 sed
744 1771 836 1844 aliter,
856 1793 917 1830 non

160 1860 244 1939 quasi
257 1861 288 1918 in
301 1862 377 1932 loco,
391 1861 442 1919 sed
454 1863 525 1938 quia
538 1871 570 1920 tu
588 1868 619 1919 e's
635 1859 813 1920 omnitenens
827 1881 915 1920 mauu

160 1951 299 2020 veritate;
316 1964 346 2009 et
360 1951 458 2008 omnia
474 1969 543 2009 vera
557 1961 633 2021 sunt,
646 1949 820 2025 inquantum
833 1963 917 2023 sunt;

160 2039 383 2117 necquidquam
393 2052 436 2097 est
448 2037 565 2111 falsitas,
576 2029 635 2097 nisi
646 2047 712 2095 cum
721 2047 843 2117 putatur
855 2059 916 2098 esse

161 2127 239 2207 quod
251 2129 310 2184 ndu
324 2139 376 2185 est.
388 2129 425 2183 Et
437 2126 499 2184 vidi
510 2127 578 2206 quia
591 2148 650 2184 non
664 2129 758 2186 solum
771 2125 842 2186 locis
864 2139 916 2186 sua

161 2237 284 2294 quaeque
301 2217 361 2274 suis
382 2217 568 2290 conveniunt,
592 2217 643 2277 sed
666 2218 753 2276 etiam
776 2218 916 2296 tempori-

161 2305 217 2366 bus
235 2319 287 2365 :et
313 2306 382 2384 quia
407 2319 449 2379 tu,
473 2307 524 2384 qui
545 2307 624 2366 solus
647 2299 834 2382 aeternuses,
857 2329 916 2366 non

160 2409 227 2474 post
247 2393 470 2454 innumerabilia
494 2397 587 2474 spatia
610 2411 774 2476 temporum
804 2398 916 2476 coepisti

161 2487 290 2565 operari3
306 2487 375 2564 quia
390 2482 486 2545 omnia
500 2489 594 2567 spatia
615 2501 790 2567 temporum,
807 2501 837 2546 et
851 2507 916 2566 quae

161 2580 364 2656 praeterierunt
378 2589 408 2636 et
425 2599 490 2656 quae
508 2577 713 2658 praeteribunt,
730 2598 784 2637 uec
803 2574 918 2637 abirent

160 2657 215 2729 tteo
228 2671 369 2741 venirent,
381 2669 436 2728 nisi
452 2681 480 2727 te
496 2683 634 2748 operante
650 2680 680 2726 et
693 2680 840 2726 manente.¹

418 2835 552 2901 CAPUT
571 2837 660 2902 XVI.

266 2985 354 3038 Omnia
369 2984 444 3048 bonu
460 2987 518 3038 lieet
530 2985 674 3053 qmbusdam
686 3001 735 3038 uon
745 2993 814 3054 apta,

200 3126 248 3188 22
266 3132 303 3188 Et
317 3129 393 3190 sensi
407 3142 437 3188 et
457 3141 594 3209 expertus
610 3149 674 3189 sum
694 3147 755 3188 non
775 3147 836 3188 esse
857 3126 917 3186 mi-
