2352 4094
307 425 357 472 ³⁸2
488 424 513 470 8.
532 421 713 471 annosum
732 423 875 474 EPISGOPI

305 524 466 596 versitatis,
490 522 624 582 eonditor
649 522 810 582 animarum
833 527 863 583 et
885 545 1069 605 corporum,
1140 505 1141 572 i

306 615 382 676 absit
399 626 432 673 ut
446 615 485 672 ita
502 613 618 672 noveris
633 614 731 674 omnia
747 614 846 674 fututa
860 629 890 674 et
907 617 1069 694 praeterita.

304 711 402 786 Longe
416 717 457 778 tu,
468 705 554 784 longe
567 701 739 775 mirabilius,
752 705 901 782 longeque
914 704 1069 764 secretius.

303 801 404 875 Neque
419 795 494 854 euim
509 795 586 853 sicut
598 805 668 853 nota
681 794 821 854 cantantis
835 807 986 854 notumve
1001 815 1070 854 cau·

304 892 395 950 ticum
416 889 575 961 audientis,
593 887 808 967 exspectatione
826 908 939 948 vocum
961 890 1071 948 futura·

303 1001 369 1040 rum
390 992 419 1038 et
438 979 578 1039 memoria
600 978 815 1057 praeteritarum
836 981 977 1040 variatur
999 979 1071 1038 affe-

304 1083 383 1142 ctus,
406 1068 565 1148 sensusque
591 1061 782 1142 distenditur3
805 1069 846 1128 ita
871 1069 930 1128 tibi
958 1067 1071 1149 aliquid

303 1159 410 1228 accidit
423 1159 701 1219 incommutabiliter
715 1172 833 1234 aetemo,
848 1161 906 1220 hoc
924 1175 987 1232 est,
1002 1177 1069 1220 vere

303 1264 411 1311 aeterno
433 1250 556 1310 creatori
576 1251 726 1308 mentium.
746 1252 828 1310 Sicut
848 1271 921 1331 ergo
944 1251 1026 1310 nosti
1041 1249 1069 1306 iu

302 1343 446 1422 principio
466 1342 571 1400 coelum
589 1354 618 1400 et
637 1355 744 1402 terram
766 1343 827 1402 sine
843 1343 995 1402 varietate
1015 1361 1068 1400 no·

303 1435 371 1493 titiae
397 1448 470 1506 tuae,
492 1434 533 1492 ita
559 1433 654 1492 fecisti
676 1435 707 1494 in
726 1433 872 1512 principio
899 1437 1068 1499 eoelumfet

302 1538 409 1584 terram
429 1524 489 1584 sine
508 1521 700 1587 distentione*
714 1523 835 1582 actionis
854 1537 921 1590 tuae.
945 1524 1009 1599 Qui
1028 1523 1068 1579 in·

301 1616 418 1694 telligit,
435 1616 608 1675 confiteatue
626 1609 696 1688 titii;
715 1615 813 1693 etqui
830 1634 889 1673 non
912 1612 1064 1692 intelligit,

301 1706 474 1765 confiteatur
489 1702 553 1770 tihi,
568 1707 593 1763 0
610 1723 697 1782 quam
712 1706 842 1764 excelsus
859 1725 899 1777 es,
916 1718 947 1764 et
963 1702 1066 1762 humi-

300 1796 342 1854 les
356 1794 445 1855 corde
464 1806 531 1854 sunt
545 1794 649 1854 domus
665 1798 728 1854 tua!
746 1799 789 1854 Tu
804 1795 882 1858 euim
902 1791 1064 1873 erigis-eli-

300 1895 375 1956 sos·¹‚
389 1897 418 1967 et
435 1906 493 1944 non
509 1879 616 1944 cadunt
632 1905 757 1963 quorum
775 1885 917 1944 celsitudo
934 1899 968 1944 tu
985 1903 1028 1942 es.
1066 1949 1071 1960 ¹

338 2061 346 2086 ¹
359 2052 421 2104 usal.
432 2033 504 2114 em,
517 2057 541 2102 8.
