2352 4094
298 441 567 522 'CONFESSIONUM
584 441 680 490 LIBER
698 439 768 488 xm.
870 442 921 493 lla

422 619 557 682 CAPUT
578 567 650 682 XV.

109 779 112 784 ¹
157 787 275 854 Explanat
290 781 320 844 ri.
334 791 348 834 6
362 801 414 852 cap.
431 789 440 834 l
458 788 521 834 Gen.
536 769 781 846 Fiatfinnamentum
797 787 842 834 etc.
856 784 922 850 Quid

287 867 479 926 firmamentum,
497 865 556 932 quid
569 864 705 934 superiores
718 881 794 930 aquae.

204 1017 249 1074 16.
262 1021 323 1074 Aut
332 1016 411 1094 quis,
426 1015 481 1074 nisi
492 1028 538 1087 tu,
553 1019 633 1074 Deus
642 1027 751 1089 noster,
766 1015 860 1075 fecisti
872 1037 923 1076 no-

160 1102 422 1182 bisfiimamentum
438 1105 618 1165 auctoritatis
634 1127 723 1184 super
738 1127 793 1166 nos
806 1107 837 1164 in
849 1111 922 1168 Scri·

159 1213 247 1277 ptura
267 1211 316 1258 tua
331 1198 454 1258 divina?
477 1199 587 1258 Coelum
609 1200 685 1256 enim
707 1197 868 1276 plicabitur
889 1209 923 1257 ut

159 1287 270 1362 liber1,
293 1302 322 1347 et
340 1309 419 1348 nunc
447 1289 522 1348 sicut
542 1289 627 1366 pellis
645 1281 813 1348 extenditur
834 1307 923 1368 super

160 1399 213 1438 nos
225 1389 245 1437 ².
273 1380 456 1439 sublimioris
482 1381 560 1437 enirn
586 1381 766 1449 auctoritatis
796 1393 839 1439 est
873 1393 923 1440 tua

161 1472 260 1533 divina
269 1471 429 1549 Scriptura,
447 1491 513 1529 cum
526 1469 586 1546 jam
599 1468 737 1527 obierunt
748 1469 832 1529 istam
845 1485 922 1529 mor-

161 1573 220 1622 tem
242 1563 285 1620 illi
307 1562 460 1631 mortales,
488 1580 542 1637 per
565 1578 638 1635 quos
663 1579 728 1617 eam
751 1559 922 1638 dispensasti

162 1653 257 1712 nobis.
281 1657 318 1711 Et
339 1653 461 1724 tuscis,
484 1652 625 1722 Domine,
650 1663 682 1710 tu
702 1651 758 1710 scis
777 1653 922 1729 quemad-

163 1746 282 1804 modum
302 1743 428 1823 pellibus
446 1744 577 1802 indueris
596 1733 742 1815 homines,
764 1759 832 1802 cum
850 1765 927 1822 pecu

163 1849 229 1895 cato
257 1837 394 1894 mortales
422 1836 524 1894 fierent
539 1835 559 1890 3.
588 1833 675 1892 Unde
708 1835 784 1892 sicut
817 1835 926 1912 pellem

163 1927 318 1986 extendisti
340 1928 554 1985 firmamentum
572 1924 655 1983 Libri
675 1925 737 1997 tui,
764 1925 927 1984 concordes

163 2019 266 2094 utique
293 2037 439 2076 sermones
467 2028 549 2087 tuos,
581 2035 655 2094 quos
682 2034 735 2092 per
757 2015 924 2074 mortalium

163 2108 354 2166 ministerium
376 2107 591 2184 superposuisti
604 2105 697 2162 nobis.
712 2107 845 2180 Namque
860 2103 925 2182 ipsa

165 2218 266 2258 eorum
294 2211 403 2270 morte,
434 2195 658 2256 solidamentum
686 2194 867 2254 auctoritatis
893 2196 925 2253 in

164 2289 287 2368 eloquiis
309 2289 365 2347 tuis
387 2307 509 2367 percos
530 2286 615 2344 editis
635 2285 799 2345 sublimiter
820 2300 925 2345 exten-

165 2383 245 2440 ditur
267 2401 356 2460 super
378 2381 475 2442 omnia
501 2399 566 2458 quae
591 2378 694 2438 subter
718 2391 786 2437 sunt
809 2401 816 2436 :
843 2379 925 2456 quod

166 2491 232 2529 oum
254 2471 302 2528 hic
325 2471 473 2541 viverent,
498 2471 618 2534 nonita
640 2459 804 2528 sublimiter
824 2483 926 2528 exten·

162 2573 315 2620 tumeret.
335 2559 473 2618 Nondum
492 2561 567 2617 sicut
585 2547 693 2638 pellem
707 2559 812 2616 coelum
827 2572 926 2616 exten-

167 2651 266 2722 deras,
292 2648 422 2706 nondum
442 2649 544 2706 mortis
568 2668 670 2706 eorum
690 2648 796 2704 famam
818 2667 927 2725 usque-

167 2761 283 2820 quaque
298 2741 485 2816 dilataveras.-

211 2833 256 2890 17.
267 2831 438 2902 Videamus,
456 2829 595 2900 Domine,
613 2827 700 2886 coelos
715 2845 806 2905 opera
820 2827 927 2904 digito-

167 2944 233 2983 rum
249 2937 384 2994 tuorum3
405 2921 551 2984 disserena
565 2920 657 2979 oculis
670 2919 776 2978 nostris
792 2918 925 2978 nubilum

166 3037 225 3096 quo
239 3015 393 3075 subtexisti
407 3030 466 3073 eos.
489 3013 543 3072 Ibi
554 3026 597 3073 est
615 3011 812 3071 testimonium
832 3024 930 3083 tuum,

205 3197 214 3226 ¹
230 3185 284 3240 lsai.
296 3202 363 3245 xxiv,
375 3189 438 3235 4.-
450 3195 459 3222 ²
470 3185 531 3236 Psal.
542 3188 680 3246 c111,‘2,-—
693 3181 703 3220 ³
714 3187 776 3232 Gen.
791 3199 835 3241 ru,
850 3185 893 3233 21..
