2352 4094
279 553 280 556 Ἴ
330 492 580 546 cousussrouuu
599 494 693 544 ureae
711 496 757 543 xr.
869 499 917 545 aar

163 590 265 659 terrarii
285 597 373 676 hujus
388 598 503 657 numeri
522 589 630 656 annum
644 610 817 675 praesentem
834 618 922 676 posn-
968 619 972 630 ¹

162 688 286 761 erimus3
303 693 368 749 aute
388 689 471 746 illum
490 688 631 766 praeteriti
645 700 746 760 erunt,
758 701 825 766 post
836 689 920 748 illum

162 777 276 836 iuuari:
296 778 433 855 quocirca
454 778 658 836 eentumtanni
680 787 837 855 praesentes
857 799 919 838 csse

161 887 220 926 non
246 880 394 946 poterunt.
417 867 490 926 Vide
509 869 609 925 saltem
632 879 731 925 utrum
754 869 805 945 qui
824 869 920 945 agitur

162 978 252 1036 unus,
266 957 329 1037 ipse
343 959 380 1016 sit
392 977 527 1036 praesens.
545 961 582 1014 Et
598 957 660 1036 ejus
678 958 793 1017 enimsi
807 959 919 1037 primus

161 1049 258 1125 agitur
275 1049 394 1121 mensis,
411 1049 501 1107 futuri
519 1060 587 1107 sunt
599 1045 710 1122 caeteri,
725 1049 918 1124 sisenandus,

157 1138 219 1217 jam
244 1153 274 1198 et
295 1140 406 1218 primus
427 1137 583 1222 praeteriit,
608 1152 638 1198 et
658 1139 763 1216 reliqui
788 1141 918 1200 nondum

160 1242 238 1289 sunt·
249 1234 326 1308 Ergo
340 1251 394 1288 nec
409 1250 501 1288 annus
514 1231 677 1310 quiagitur,
691 1243 767 1290 totus
782 1244 825 1290 est
838 1253 917 1312 pree-

160 1341 240 1394 sens3
255 1334 285 1380 ct
298 1323 392 1380 sinon
412 1311 490 1381 totus
511 1334 555 1380 est
572 1341 713 1400 praesens,
729 1343 788 1381 non
806 1336 850 1382 cst
863 1345 917 1382 an-

158 1430 214 1468 nus
240 1431 375 1489 praesens.
400 1409 562 1468 Duodecim
587 1411 664 1469 enim
688 1431 800 1472 menses
826 1431 917 1474 annus

159 1513 218 1571 est,
233 1522 359 1579 quorum
381 1499 505 1577 quilibet
521 1519 596 1557 unus
617 1503 722 1559 mensis
741 1504 792 1580 qui
806 1489 917 1580 agitur,

159 1590 221 1667 ipse
243 1610 369 1668 praesens
388 1598 445 1662 est3
461 1588 558 1648 caeteri
573 1601 686 1661 autem,
708 1593 849 1668 praeteriti
866 1609 918 1652 aut

160 1679 260 1738 futuri.
287 1685 462 1757 Quanquam
485 1697 581 1756 neque
599 1675 705 1737 m'ensis
727 1683 779 1758 qui
802 1684 915 1761 agitur,

159 1788 285 1846 praesens
302 1783 360 1841 est,
376 1770 427 1829 sed
443 1790 519 1830 unus
532 1769 593 1828 dies
608 1791 615 1825 τ
631 1771 654 1828 si
667 1771 793 1848 primus,
809 1773 916 1833 futuris

159 1853 283 1933 cae'teris3
304 1861 329 1918 si
351 1860 539 1932 novissimus,
562 1861 715 1938 praeteritis
741 1863 867 1934 caeteris;
891 1867 915 1922 si

159 1950 321 2009 mediorum
335 1951 472 2029 quilibet,
484 1949 561 2008 inter
571 1951 734 2028 praeteritos
748 1964 777 2008 et
790 1952 913 2012 futuros.

176 2047 178 2052 ’
198 2037 246 2122 20.
266 2043 341 2099 Ecce
357 2059 484 2119 praesens
501 2052 615 2117 tempus
626 2041 707 2118 quod
718 2042 813 2100 solum
829 2043 914 2100 inve-

158 2131 308 2192 niebamus
328 2134 447 2210 longum
466 2132 689 2210 appellandum,
707 2133 756 2191 vix
774 2133 811 2191 ad
829 2134 914 2194 unius

158 2221 217 2280 diei
234 2224 361 2301 spatium
382 2235 563 2281 contractum
578 2235 631 2281 est.
652 2221 710 2280 Sed
725 2222 913 2283 discutiamus

158 2314 244 2372 etiam
258 2315 367 2393 ipsum,
381 2315 450 2391 quia
463 2333 516 2372 nec
531 2333 605 2372 unus
616 2313 681 2392 ¹dics
695 2326 774 2372 totus
786 2327 829 2372 est
842 2335 914 2394 prae-
950 2359 954 2367 .

157 2423 230 2463 sens.
249 2405 405 2463 Nocturnis
425 2404 502 2463 enim
520 2416 548 2462 et
561 2403 673 2463 diurnis
685 2404 765 2463 horis
777 2404 913 2464 omnihus
928 2397 931 2401 ’

157 2494 259 2571 viginti
281 2506 407 2570 quatuor
428 2495 577 2570 expletur,
589 2513 715 2578 quarum
734 2494 829 2571 prima
854 2495 913 2551 cae-

158 2596 233 2641 teras
266 2582 379 2638 futuras
409 2581 510 2651 habet,
542 2582 699 2640 novissima
737 2582 915 2657 praeteritas,

159 2671 256 2747 aliqua
277 2689 350 2728 vero
363 2667 581 2744 interjectarum
602 2681 668 2728 ante
688 2689 719 2726 se
734 2670 913 2746 praeteritas,

158 2774 224 2840 post
237 2782 268 2820 se
282 2762 403 2820 futuras.
417 2763 453 2818 Et
466 2760 530 2838 ipsa
542 2780 601 2817 una
611 2760 685 2816 hora
699 2758 828 2841 fugitivis
841 2779 913 2838 pat-

158 2852 253 2911 ticulis
276 2853 372 2930 agitur
391 2873 397 2908 :
418 2849 564 2928 quidquid
585 2848 646 2927 ejus
671 2849 813 2921 avolavit,
834 2870 912 2928 prae-

158 2943 274 3002 teritum
288 2955 346 3014 est3
366 2938 511 3019 quidquid
528 2938 590 3017 ejus
610 2948 712 3012 restat,
728 2939 868 2998 futurum.
884 2943 912 3002 Si

158 3033 230 3112 quid
249 3031 419 3109 intelligitur
438 3030 590 3108 temporis,
604 3027 684 3107 quod
698 3029 728 3087 in
741 3030 835 3087 nullas
850 3029 912 3107 jam

157 3125 209 3185 vel
219 3125 249 3183 in
263 3124 472 3208 minutissimas
482 3134 697 3183 momentorum
709 3119 807 3199 partes
820 3119 912 3177 dividi

158 3215 269 3294 possit,
292 3214 323 3274 id
349 3213 442 3274 solum
468 3212 614 3291 estquod
639 3230 765 3290 praesens
789 3210 914 3294 dicatur,

774 3315 803 3362 ³1
