2356 4018
264 411 314 458 256
448 408 474 458 S.
494 403 675 468 aueusrtrtl
692 403 834 454 remcort

264 508 340 566 fama
352 506 531 575 discurrens,
544 503 614 562 inde
625 502 725 562 laudes
738 515 794 564 tuae
806 502 960 576 ferventes,
973 507 1022 566 lu·

265 607 362 658 centes
368 596 392 666 *,
401 595 470 653 inde
483 595 561 653 illius
572 593 698 652 inimicae
711 593 825 652 animus
840 595 892 652 etsi
906 594 944 652 ad
958 615 1022 654 cre-

264 686 353 750 dendi
365 687 517 744 sanitatem
530 704 590 745 nan
602 683 755 764 ampliatus
760 681 784 753 *,
799 703 816 742 a
827 685 1021 764 persequendi

264 779 362 839 tamen
391 777 491 834 furore
508 763 699 853 compressus
727 787 779 838 est.
808 774 922 840 Gratias
949 774 1021 848 tibi,

263 873 447 928 Deusmeus.
460 866 546 926 Unde
558 878 588 924 et
600 884 659 942 quo
669 855 778 922 duxis‘ti
790 864 1021 930 recordationem

264 973 373 1025 meam,
381 967 414 1018 ut
422 955 486 1012 haec
494 955 586 1012 ‚etiam
598 953 751 1010 confiterer
763 951 831 1024 tibi,
841 973 906 1030 quae
918 973 1024 1036 magna

263 1045 372 1110 oblitus
396 1045 611 1124 praeterieram?
633 1047 669 1100 Et
688 1055 784 1101 tamen
806 1037 875 1102 tunc
894 1065 960 1105 cum
980 1047 1022 1106 ita

265 1137 406 1213 fragraret
418 1135 493 1194 odor
507 1147 723 1212 unguentorum
732 1145 868 1207 tuorum,
884 1155 944 1194 non
958 1156 1023 1196 cur·

264 1224 400 1284 rebamus
419 1213 533 1304 postte
546 1233 574 1295 ¹,
595 1236 625 1282 ct
644 1222 711 1288 ideo
732 1223 798 1310 plus
818 1222 924 1285 flebam
945 1224 1021 1288 inter

266 1315 379 1373 cantica
396 1316 570 1392 hymnorum
587 1326 719 1384 tuorum,
734 1314 804 1370 olim
822 1314 970 1395 suspirans
988 1316 1023 1374 ti-

264 1404 311 1474 bi,
327 1417 355 1462 et
374 1404 490 1466 tandem
509 1403 682 1484 respirans*,
701 1417 843 1481 quantum
857 1417 937 1483 patet
950 1424 1022 1464 aura

264 1497 295 1553 in
312 1495 400 1556 domo
418 1495 511 1556 fenea.
692 1497 694 1500 ’

457 1751 460 1756 ³
516 1661 649 1750 carun
670 1663 761 1726 v111.

239 1845 248 1854 ·
295 1803 379 1874 Evodii
398 1827 530 1880 conversio.
550 1825 637 1876 Matris
654 1809 749 1889 obitus,
762 1827 862 1893 ejusque
878 1844 892 1876 a
908 1827 997 1878 teneris

583 1907 703 1958 educatio.

308 2055 353 2112 17.
374 2056 431 2130 Qui
451 2055 584 2115 habitare
599 2056 670 2114 facis
684 2056 835 2115 unanimes
848 2056 879 2115 in
897 2057 983 2116 domo
1000 2067 1022 2127 ²,

268 2145 441 2203 consociasti
456 2145 541 2204 nobis
562 2160 590 2205 et
603 2147 747 2206 Evodium
766 2147 904 2224 juvenem
918 2167 955 2206 ex
969 2167 1024 2204 no-

265 2245 325 2290 stro
340 2233 512 2311 municipio.
525 2236 582 2309 Qui
596 2256 662 2294 cum
674 2257 761 2314 agens
773 2239 805 2296 in
818 2237 906 2296 rebus
919 2238 1023 2297 milita-

265 2333 318 2405 τρι,
333 2323 415 2400 prior
427 2319 514 2382 nohis
529 2324 566 2382 ad
581 2337 609 2383 te
623 2339 780 2386 conversus
794 2341 838 2387 est
852 2341 881 2386 at
891 2327 1022 2407 baptiza-

266 2425 322 2482 tus,
335 2425 364 2470 et
377 2412 478 2470 relicta
488 2413 594 2472 militia
608 2418 750 2498 saeculari,
759 2419 906 2476 accinctus
919 2419 950 2475 in
961 2429 1020 2474 tua.

265 2502 357 2562 Simul
371 2521 495 2574 eramus,
504 2503 590 2563 simul
602 2504 782 2565 habitaturi*
793 2509 1019 2587 placitosancte.

267 2591 475 2668 Quaerebamus
485 2595 617 2672 quisnam
628 2597 710 2656 locus
724 2618 777 2658 nos
788 2599 892 2656 utilius
900 2597 1022 2660 haberet

267 2683 427 2741 servientes
448 2683 502 2742 ribi
519 2687 652 2762 :pariter
671 2687 872 2760 remeabamus
892 2689 924 2746 in
937 2687 1020 2746 Afri-

267 2787 341 2829 cam.
354 2777 469 2831 Etcum
482 2775 560 2852 apud
575 2777 653 2834 Ostia
667 2776 804 2836 Tiberina
815 2797 951 2851 essemus,
959 2797 1021 2836 ma-

267 2874 311 2920 ter
324 2861 460 2922 defuncta
473 2879 532 2946 est„
539 2868 631 2926 Multa
644 2861 800 2946 praetereo,
813 2871 883 2947 quia
897 2859 1020 2929 multum

266 2949 380 3020 festino.
396 2954 505 3031 Accipe
519 2958 715 3018 confessiones
727 2979 805 3020 meas
819 2973 849 3019 et
862 2961 1021 3039 gratiarum

304 3127 313 3152 ¹
325 3118 416 3169 Cautio.
428 3134 449 3177 1,
463 3123 487 3170 3.
500 3147 535 3157 -
547 3131 558 3158 ²
570 3121 631 3174 Paul.
643 3140 724 3184 axvrr,
735 3129 759 3174 7.
816 3141 819 3146 ·

290 3213 317 3263 l
