2352 4094
275 529 327 578 tas
388 587 389 590 p
459 527 485 576 s.
503 522 685 578 snonsrnu
703 520 845 572 mocon

274 626 333 706 ptis
351 622 515 684 carnalibus
535 621 572 682 de
582 619 696 699 quibus
710 631 854 697 quantum
870 619 1038 688 existimavi

211 762 213 766 ,
274 719 391 778 loeutus
408 731 494 775 sum:
512 732 586 790 quos
599 723 697 774 tamen
714 709 808 799 boues!
819 709 884 788 spei
895 709 1038 787 parvulos

273 807 337 866 hoee
349 803 441 866 verba
453 803 536 865 libri
551 803 594 863 tui
607 821 667 860 non
678 799 826 871 territant,
842 799 901 857 alta
912 798 1036 858 humiti-

274 909 335 970 ter,
348 907 378 954 st
396 912 490 974 pauca
513 892 640 970 copiose.
659 891 715 952 Sed
729 909 830 950 omnes
850 907 923 968 quos
940 889 972 948 in
995 889 1038 956 eis

270 977 373 1047 ¹uerbis
385 1005 457 1046 vera
467 1003 587 1044 cernere
604 1003 638 1042 ao
651 981 749 1046 dicere
761 981 869 1053 fateor,
879 980 1037 1060 diligamus

273 1097 327 1137 nos
350 1076 494 1147 invicem,
516 1075 683 1153 pariterque
706 1071 860 1150 diligamus
878 1083 913 1130 te
937 1076 1036 1140 Deum

273 1181 405 1228 nostrum
430 1167 541 1230 fontem
564 1166 714 1236 veritatis,
738 1164 845 1226 sinon
869 1183 959 1235 vana,
982 1164 1036 1224 sed

272 1261 365 1338 ipsum
392 1257 529 1328 sitimus;
555 1257 749 1334 eumdemque
777 1255 921 1338 famulum
950 1267 1035 1316 tuum

272 1350 432 1428 Seripturae
459 1347 555 1426 hujus
574 1348 822 1426 dispensatorem,
847 1346 958 1426 Spiritu
981 1359 1036 1408 tuo

272 1443 406 1521 plenum,
426 1442 466 1500 ita
480 1441 676 1514 honoremus,
687 1453 726 1500 ,ut
740 1441 798 1499 hoc
816 1459 885 1502 eum
898 1451 927 1498 te
944 1459 1035 1500 reve—

271 1533 350 1594 lante
372 1553 440 1593 cum
453 1533 517 1592 haec
533 1531 677 1593 scriberet
692 1531 849 1593 attendisse
863 1529 1036 1602 credamus,

272 1623 353 1700 qnod
366 1622 398 1682 in
413 1621 454 1688 eis
467 1623 594 1682 maxime
607 1633 644 1680 et
663 1623 730 1682 luce
748 1613 893 1690 veritatis,
905 1632 935 1678 et
948 1618 1035 1696 fruge

272 1713 404 1774 utilitatis
422 1712 549 1773 excellit.

514 1878 648 1944 cunr
668 1879 788 1946 xxm.
826 1955 828 1960 ,
852 1827 854 1832 ’

290 2030 397 2081 Sensisse
417 2029 539 2098 putandus
557 2038 594 2080 est
612 2033 708 2098 Moyses
730 2027 848 2096 quidquid
865 2027 917 2078 reri
934 2037 1017 2096 potest

406 2145 408 2154 s
474 2111 502 2160 in
521 2111 596 2178 ipsius
616 2111 697 2163 verbis
716 2111 828 2161 inveniri.
947 2138 950 2142 ·

261 2275 267 2278 ·
311 2257 359 2316 42.
375 2261 426 2318 ‘Ita
447 2261 603 2332 cum-alius
622 2260 744 2334 dixerit,
756 2263 821 2320 Hoc
841 2261 932 2320 sensit
950 2262 1033 2339 quod

270 2368 339 2429 ego;
352 2361 382 2408 et
400 2349 488 2422 alius,
506 2354 569 2426 lmo
587 2347 662 2411 illud
679 2352 760 2430 quod
780 2372 852 2431 eg03
867 2352 1033 2434 religiosius

269 2458 317 2498 me
333 2438 461 2500 arbitror
477 2439 662 2514 dicere,Cnr
673 2463 732 2504 non
745 2457 905 2524 utrumque
917 2445 1032 2523 potius,

269 2532 294 2590 si
306 2525 465 2609 utrumque
476 2552 580 2591 verum
594 2536 655 2592 est?
664 2539 702 2592 Et
720 2536 745 2594 si
763 2537 835 2614 quid
853 2536 986 2607 tertium,
1000 2547 1033 2592 et

269 2621 374 2701 siquid
384 2633 533 2700 quartum,
543 2635 572 2682 et
584 2624 609 2684 si
621 2625 694 2703 quid
706 2627 826 2687 omnino
837 2626 917 2686 alind
925 2645 1032 2686 verum

270 2713 416 2794 quispiam
427 2713 459 2773 in
468 2713 514 2774 his
522 2713 622 2775 verbis
632 2716 731 2788 videt3
742 2737 797 2776 our
806 2739 865 2778 non
874 2717 924 2777 illa
933 2719 1034 2778 omnia

268 2805 376 2867 vidisse
396 2806 545 2882 credatur,
563 2827 618 2886 per
633 2828 721 2886 quem
741 2829 817 2870 unus
835 2815 916 2870 Deus
934 2829 1032 2870 sacras

269 2895 393 2957 litteras
406 2917 477 2960 vera
493 2912 525 2958 at
540 2899 656 2961 diversa
670 2901 776 2961 visuris
788 2902 949 2964 multorum
963 2899 1032 2962 sen-

269 2984 350 3046 sibus
363 2990 559 3068 temperavit?
571 2995 632 3070 Ego
651 3003 744 3064 certe,
764 2991 845 3070 quod
865 2993 1033 3074 intrepidus

271 3077 309 3138 de
323 3079 413 3140 eorde
427 3099 493 3140 meo
503 3078 675 3160 pronuntio,
687 3083 711 3142 si
723 3084 759 3142 ad
774 3084 890 3144 culmen
902 3085 1033 3146 auetori-

271 3168 338 3230 tatis
358 3169 470 3249 utquid
491 3171 666 3246 scriberem
681 3174 722 3232 sic
747 3175 864 3234 mallem
885 3174 1032 3248 scribere,

269 3256 304 3320 nt
313 3261 400 3340 qnod
413 3263 477 3322 reri
490 3263 615 3343 quisque
632 3265 669 3324 de
682 3264 728 3323 iris
741 3263 829 3326 nebus
842 3285 948 3346 capere
960 3285 1033 3346 pos-
