2384 4052
252 359 301 410 ³0⁸
436 360 460 410 s,
478 359 661 414 AUGUsTml
678 360 822 414 Emscom‘
867 332 868 335 ¹

491 531 624 592 CAPUT
644 532 767 592 XXIII.

330 698 391 742 Item
402 693 558 760 prosequitur
569 711 622 759 quae
639 694 669 744 sit
684 694 754 744 beata
762 693 826 753 vita,
839 702 863 742 et
873 695 923 744 ubi.

253 931 256 934 ἱ
292 853 339 910 33.
362 857 425 910 Non
442 872 510 929 ergo
532 866 643 910 certum
662 862 705 910 est
720 852 801 930 quod
822 873 920 912 omnes
945 875 1008 914 esse

234 937 328 1004 ‘beati
348 945 466 1014 volunt,
478 944 615 1020 quoniam
636 944 765 1020 quinon
785 942 821 1000 de
841 956 868 1000 te
880 944 1008 1020 gaudere

251 1029 368 1105 volunt,
390 1051 455 1108 quae
476 1033 537 1090 sola
557 1033 618 1089 vita
637 1021 722 1089 beata
744 1044 800 1103 est,
822 1051 880 1088 non
905 1033 1006 1110 utique

252 1125 341 1182 vitam
363 1117 479 1180 beatam
496 1123 606 1179 volunt.
627 1126 673 1178 An
694 1141 792 1179 omnes
813 1121 870 1179 hoc
889 1121 1010 1180 volunt?

252 1210 307 1272 Sed
326 1213 462 1289 quoniam
478 1232 545 1269 caro
560 1209 738 1290 concupiScit
758 1211 897 1270 adversus
916 1211 1005 1290 spiri·-

253 1313 323 1375 tum‚
337 1314 366 1359 et
376 1301 494 1378 spiritus
507 1300 645 1358 adversus
657 1321 773 1358 carnem
785 1313 817 1358 ut
831 1321 889 1358 non
901 1301 1007 1359 saciant

252 1389 331 1469 quod
345 1393 447 1449 volunt
460 1401 480 1462 ¹,
493 1390 600 1449 cadunt
613 1392 643 1448 in
654 1390 685 1449 id
696 1391 775 1469 quod
788 1393 898 1464 valent,
912 1411 1007 1468 eoque

254 1481 380 1538 contenti
393 1487 472 1552 sunt3
484 1482 553 1558 quia
571 1475 644 1538 illud
659 1481 739 1558 quod
752 1501 810 1538 non
823 1479 919 1540 val'ent
927 1525 935 1552 ‚
949 1501 1006 1539 non

253 1580 363 1629 tantum
386 1575 502 1644 volunt,
530 1585 670 1652 quantum
693 1585 737 1629 sat
759 1585 801 1629 est
824 1583 857 1629 ut
882 1573 1005 1630 valeant,

252 1667 325 1720 Nam
339 1682 438 1739 qnaero
451 1662 488 1720 ab
503 1662 638 1721 omnihus
649 1675 748 1719 utrum
762 1661 862 1724 malint
876 1662 913 1720 de
926 1663 1006 1721 veri*

254 1765 311 1810 tate
328 1773 416 1830 quam
429 1753 466 1811 de
479 1753 603 1810 falsitate
614 1752 740 1830 gaudere
755 1773 763 1808 ι
778 1764 836 1809 tam
850 1773 908 1810 non
921 1753 1010 1811 dubi-

255 1855 316 1900 tant
341 1842 438 1902 dicere
463 1842 499 1899 de
520 1844 642 1901 veritate
664 1863 694 1900 se
716 1843 817 1913 malle,
838 1862 926 1920 quam
950 1864 1008 1902 non

256 1931 390 1990 dubitant
420 1933 530 2000 dicere,
542 1932 642 1991 beatos
670 1951 731 1990 esse
759 1951 790 1990 se
814 1933 897 1990 velle.
922 1937 1009 1991 Beata

255 2024 366 2100 quippe
382 2023 442 2080 vita
459 2034 501 2080 est
518 2022 656 2098 gaudium
677 2021 714 2080 de
734 2021 865 2079 veritate.
884 2025 947 2080 Hoc
966 2036 1009 2082 est

257 2114 333 2171 enim
347 2113 484 2188 gaudium
498 2112 534 2170 de
547 2125 576 2170 te
589 2113 640 2188 qui
651 2113 758 2170 veritas
773 2131 802 2170 es
813 2121 833 2182 ²,
846 2116 925 2170 Deus
938 2113 1007 2171 illu-

258 2203 376 2259 minatio
395 2222 475 2272 mea,
494 2203 570 2259 salus
589 2202 673 2258 faciei
698 2220 769 2260 meae
782 2200 803 2270 ³,
815 2205 894 2258 Deus
918 2222 1009 2260 meus.

258 2295 338 2348 Hanc
354 2292 443 2347 vitam
460 2290 574 2347 beatam
589 2299 687 2347 omnes
701 2291 818 2363 volunt,
832 2291 906 2348 hanc
919 2292 1009 2350 vitam

258 2400 323 2457 quae
338 2381 398 2437 sola
415 2379 501 2436 beata
517 2392 560 2437 est
577 2399 676 2438 omnes
689 2381 956 2458 volunt,'gaudium
973 2382 1010 2440 de

258 2471 380 2529 veritate
401 2489 499 2526 omnes
521 2471 631 2528 volunt.
652 2472 759 2529 Multos
784 2485 918 2550 expertus
945 2492 1010 2530 sum

258 2564 310 2640 qui
328 2561 435 2619 vellent
456 2561 569 2632 fallere3
583 2562 634 2638 qui
653 2575 748 2621 autem
766 2564 841 2636 salli,
855 2565 1008 2622 neminem.

258 2652 317 2711 Ubi
338 2671 406 2728 ergo
427 2665 570 2711 noverunt
592 2654 666 2710 hane
689 2653 777 2711 vitam
802 2647 935 2726 beatam
948 2655 1010 2713 'nisi

258 2743 310 2800 ubi
323 2756 466 2800 noverunt
486 2743 573 2800 etiam
587 2743 759 2800 veritatem?
771 2747 876 2800 Amant
892 2744 968 2802 enim
982 2758 1011 2802 et

259 2835 368 2911 ipsam,
383 2837 452 2910 quia
468 2835 527 2893 falli
541 2836 650 2892 nolunt.
660 2837 697 2890 Et
708 2853 774 2891 cum
788 2849 885 2892 amant
896 2834 1011 2894 beatam

259 2923 349 2980 vitam
361 2921 439 2998 quod
451 2944 509 2980 non
520 2935 563 2980 est
574 2922 653 2980 aliud
664 2941 751 2998 quam
764 2922 931 2982 deveritate
945 2941 1012 3002 gau:

296 3095 306 3120 ¹
318 3087 396 3137 Galat.
407 3106 430 3146 v,
444 3092 484 3137 17.
494 3117 529 3124 -
541 3099 551 3124 ²
563 3093 633 3139 Joan.
645 3105 695 3148 ω,
705 3096 729 3138 6.
740 3117 774 3126 -
787 3089 947 3150 ³Psal.xxv1,
961 3095 981 3139 1.
