2356 4018
299 449 551 501 comestorum
568 451 663 500 LIBER
681 454 737 502 VII.
833 407 896 506 ⁶1³3

117 549 293 610 collatione
310 548 452 608 flatabant
468 551 499 609 in
517 571 566 610 eas
584 571 675 630 nugas
690 553 787 630 iguem
801 554 898 614 cordis

118 639 179 700 sui
194 640 230 712 *,
248 640 289 699 ita
309 652 344 698 ut
363 653 511 700 mutorum
532 661 650 720 quoque
673 643 854 716 animalium,
873 645 898 704 si

120 750 201 808 quae
218 731 298 789 domi
311 744 463 809 parerent,
476 732 668 792 observarent
683 747 829 793 momenta
845 756 899 794 na-

121 821 294 892 scentium,
314 833 402 898 atque
422 822 460 880 ad
483 843 518 881 ea
534 823 706 901 positionem
727 823 793 882 coeli
810 839 897 884 nota·

122 925 220 984 rent,
242 910 320 970 unde
336 911 414 970 illius
430 912 513 990 quasi
531 914 601 973 artis
621 913 821 992 experimenta
833 919 898 974 col-

121 1005 271 1083 ligerent
286 1008 388 1080 ltaque
405 1003 522 1063 dicebat
535 1006 649 1065 audisse
663 1025 694 1064 se
705 1025 722 1064 a
733 1018 817 1083 patre
830 1027 896 1082 suo,

125 1094 300 1172 quodcum
314 1094 449 1152 eumdem
465 1094 625 1155 Firminum
636 1096 650 1122 *
667 1115 818 1173 praegnans
834 1117 896 1156 ma-

127 1198 180 1245 ter
195 1196 285 1256 esset,
295 1185 383 1243 etiam
394 1185 472 1244 illius
482 1187 596 1263 paterni
605 1187 690 1244 amici
702 1187 810 1244 famula
821 1207 898 1265 quae·

129 1276 207 1334 dam
229 1277 340 1354 pariter
358 1289 442 1334 utero
466 1276 690 1354 grandescebat3
709 1276 789 1354 quod
806 1279 897 1335 latere

128 1387 197 1426 non
210 1367 307 1444 potuit
320 1366 484 1439 dominum,
498 1369 550 1444 qui
562 1369 647 1426 etiam
659 1387 763 1426 canum
777 1387 895 1428 suarum

128 1469 240 1534 partus
261 1457 505 1514 examinatissima
533 1456 682 1541 diligentia
706 1476 790 1514 nosse
810 1477 897 1518 cura·

131 1545 189 1606 bat
200 1568 209 1602 τ
224 1558 311 1624 atque
321 1546 362 1603 ita
374 1546 481 1605 factum
493 1565 556 1628 esse
566 1559 599 1604 ut
610 1565 678 1604 cum
689 1547 744 1605 iste
755 1545 895 1625 conjugis,

131 1636 187 1694 ille
210 1649 307 1694 autem
329 1636 439 1694 ancillae
460 1636 522 1694 dies
542 1648 571 1693 et
591 1635 693 1708 horas,
709 1636 896 1698 minutiores-

133 1748 196 1806 que
209 1727 350 1786 horarum
366 1727 501 1786 articulos
515 1726 679 1784 cautissima
692 1725 896 1794 observatione

133 1831 340 1889 numerarent,
357 1819 449 1876 enixae
468 1829 563 1876 essent
580 1814 674 1874 ambre
690 1815 774 1874 simul
780 1838 789 1887 ;
804 1816 845 1874 ita
862 1830 895 1876 ut

134 1909 255 1968 easdem
276 1910 508 1968 constellationes
529 1906 680 1985 usquead
701 1905 815 1964 easdem
839 1906 895 1966 mi·

133 2000 234 2058 nutias
251 2001 367 2076 utrique
383 1999 512 2056 nascenti
528 1999 623 2058 facere
639 2008 826 2074 cogerentur,
840 1995 894 2054 iste

136 2088 214 2160 filio,
226 2090 275 2148 ille
289 2088 414 2147 servulo.
425 2092 498 2146 Nam
514 2107 581 2164 cum
598 2086 733 2145 mulieres
747 2085 894 2164 parturire

137 2179 306 2258 erupissent,
319 2177 522 2238 indicaverunt
537 2177 594 2236 sibi
607 2176 694 2236 ambo
708 2176 779 2255 quid
795 2177 825 2234 in
841 2195 894 2234 sua

137 2269 281 2349 cujusque
302 2268 388 2327 domo
405 2280 555 2347 ageretur,
573 2281 602 2327 et
621 2279 800 2348 paraverunt
820 2285 894 2344 qnos

139 2361 178 2420 ad
195 2380 225 2419 se
241 2361 367 2419 invicem
381 2360 542 2431 mitterent,
556 2360 640 2418 simul
655 2371 688 2416 ut
701 2371 801 2417 natum
813 2356 894 2434 quod

139 2450 357 2532 parturiebatur
379 2462 455 2510 esset
478 2450 585 2527 cuique
609 2449 790 2519 nuntiatum;
813 2445 895 2525 quod

141 2555 234 2602 tamen
248 2555 282 2601 ut
296 2541 434 2600 continuo
449 2540 648 2610 nuntiaretur,
658 2552 795 2616 tanquam
806 2536 836 2594 in
850 2555 894 2594 re·

142 2655 196 2714 gno
209 2654 262 2693 suo
275 2633 361 2692 facile
375 2632 542 2690 effecerant.
556 2635 653 2706 Atque
665 2629 719 2698 ita,
732 2625 783 2703 qui
797 2624 834 2702 ab
851 2625 895 2682 al-

143 2736 250 2784 terutro
270 2721 349 2782 missi
368 2733 449 2791 suut,
465 2732 523 2778 tam
544 2739 581 2776 ex
603 2715 722 2795 paribus
739 2714 894 2772 domorum

143 2814 297 2880 intervallis
314 2811 371 2871 sibi
389 2809 507 2870 obviam
521 2808 612 2866 factos
632 2825 693 2863 esse
711 2801 843 2874 dicebat,
861 2813 895 2858 ut

144 2906 223 2966 aliam
239 2903 414 2984 positionem
429 2899 573 2969 siderum,
591 2896 718 2973 aliasque
736 2891 894 2973 particulas

144 3009 365 3066 momentorum,
382 3003 486 3051 neuter
499 3007 600 3046 eorum
616 2999 718 3044 notare
733 2984 893 3043 sineretur:

145 3100 172 3148 et
188 3101 282 3145 tamen
297 3083 443 3142 Firminus
463 3079 560 3157 amplo
576 3075 654 3156 apud
670 3095 738 3136 suos
759 3076 825 3133 loco
837 3089 893 3128 ua·

146 3161 199 3249 tus,
215 3173 408 3234 dealbatiores
425 3170 486 3228 vias
502 3168 599 3227 saeculi
613 3164 790 3236 cursitabat,
805 3178 894 3239 auge·
