2326 4020
327 519 584 572 ‹CONFESSIONUM
604 519 699 568 LIBER
718 523 737 568 l.
883 526 914 570 25

63 640 67 647 ·
151 623 241 681 etiam
256 620 422 687 stoliditas:
441 631 485 678 est
503 638 591 698 ergo,
611 620 662 697 qui
679 619 733 680 tibi
749 619 797 697 pie
818 621 916 682 cohae-

152 711 248 770 rendo
264 712 305 770 ita
321 711 359 770 sit
373 711 500 768 affectus
519 709 677 788 granditer,
688 721 721 768 nt
734 711 874 788 equuleos
888 725 918 771 et

153 802 298 878 ungulas,
313 814 401 878 atque
423 798 630 876 hujuscemodi
654 801 735 858 varia
756 813 915 874 tormenta,

156 909 214 966 pro
227 889 332 966 quibus
341 885 519 966 effugiendis
533 885 587 946 tibi
600 907 653 965 per
668 888 815 948 universas
826 901 916 950 terras

159 999 225 1038 cum
240 981 341 1039 timore
357 999 461 1056 magno
474 979 672 1056 supplicatur,
687 980 727 1038 ita
739 980 823 1057 parvi
836 983 915 1042 aesti-

159 1085 231 1144 met,
245 1071 404 1130 deridens*
418 1091 467 1130 eos
477 1071 531 1148 qui
541 1070 603 1130 haec
615 1071 801 1132 acerbissime
810 1075 915 1133 formi-

156 1163 242 1235 dant,
259 1163 509 1241 quemadmodum
524 1176 661 1240 parentes
676 1164 769 1222 nostri
781 1165 916 1226 ridebant

151 1267 299 1313 tormenta
308 1253 416 1331 quibus
426 1253 687 1332 pueriamagistris
697 1253 917 1332 affligebamur?

155 1351 220 1404 Non
234 1345 311 1403 enim
321 1346 476 1404 autminus
488 1363 522 1402 ea
532 1345 748 1417 metuebamus,
759 1358 810 1404 aut
821 1348 917 1406 minus

157 1449 184 1492 te
194 1435 232 1493 de
243 1435 288 1494 bis
300 1434 459 1494 evadendis
470 1433 704 1514 deprecabamur
715 1459 725 1492 ι
737 1448 767 1494 et
776 1436 917 1514 peccaba—
955 1511 958 1514 .

120 1513 128 1527 ⁸
155 1545 221 1586 mus
233 1538 332 1586 tamen
348 1526 444 1585 minus
458 1525 629 1600 scribendo,
650 1539 701 1586 ant
715 1527 853 1604 legendo,
867 1542 918 1586 aut

156 1617 313 1695 cogitando
324 1617 361 1676 de
372 1618 490 1690 litteris,
502 1637 590 1695 quam
604 1617 775 1696 exigebatur
791 1639 808 1676 a
820 1617 915 1678 nobis.

156 1717 221 1768 Non
234 1709 311 1768 enim
327 1709 600 1781 deerat,'Domine,
616 1709 757 1769 memoria
775 1709 822 1766 vel
840 1699 925 1786 ingess

154 1801 253 1872 nium,
272 1819 338 1878 quae
357 1821 411 1858 uos
428 1800 538 1858 habere
559 1800 678 1858 voluisti
696 1819 751 1876 pro
764 1800 818 1856 illa
836 1811 918 1858 aetate

156 1892 242 1962 satim
252 1890 303 1950 sed
317 1889 483 1950 delectabat
495 1889 599 1948 ludere
613 1911 620 1944 ι
633 1903 663 1946 et
677 1887 879 1949 vindicabatur
889 1891 918 1952 iu

156 1999 211 2038 uos
228 1978 265 2038 ab
274 1981 318 2041 eis
332 1981 384 2058 qni
406 1981 473 2039 talia
490 1979 594 2058 ntique
608 1977 741 2056 agebant.
753 1978 810 2038 Sed
822 1979 917 2056 majo—

156 2091 223 2129 rum
241 2090 326 2149 nugae
343 2072 459 2150 negotia
471 2085 629 2144 vocantur3
643 2089 802 2149 puerorum
820 2085 916 2131 autem

156 2162 226 2220 talia
236 2181 303 2221 cum
316 2161 381 2236 sint,
393 2163 558 2240 puniuntur
568 2183 585 2220 a
595 2161 755 2240 majoribus
769 2185 776 2218 :
789 2175 818 2221 et
831 2182 917 2223 nemo

154 2252 313 2310 miseratur
327 2273 452 2331 pueros,
468 2253 515 2310 vel
529 2253 612 2325 illos,
625 2255 672 2312 vel
690 2266 837 2332 utrosque.
856 2255 917 2314 Nisi

142 2361 228 2400 ·vero
239 2341 386 2421 approbet
398 2343 410 2368 *
422 2341 576 2420 quisquam
590 2341 686 2402 bonus
695 2363 792 2402 rerum
807 2345 918 2404 arbiter

156 2423 311 2510 vapulasse
333 2453 395 2504 me,
417 2435 487 2510 quia
500 2432 635 2494 ludebam
655 2434 715 2512 pila
736 2452 823 2513 puer,
840 2449 868 2492 et
882 2457 917 2494 eo

156 2523 228 2580 ludo
245 2523 430 2601 impediebar
448 2523 605 2600 quominus
623 2525 760 2583 celeriter
774 2525 915 2585 discerem

156 2615 282 2687 litteras,
292 2613 401 2692 quibus
412 2615 506 2692 major
516 2614 674 2674 deformius
684 2616 814 2674 luderem
825 2631 895 2676 :aaut
904 2620 916 2644 *

157 2704 237 2762 aliud
252 2703 379 2763 faciebat
392 2705 470 2762 idem
483 2707 546 2784 ipse
560 2725 576 2763 a
588 2725 648 2783 quo
661 2705 836 2784 vapulabam
844 2729 853 2778 3
866 2710 916 2786 qni

155 2796 179 2852 si
193 2797 224 2853 in
240 2795 338 2872 aliqua
355 2797 567 2872 quaestiuncula
581 2816 598 2854 n
612 2795 788 2854 condoctore
803 2815 855 2856 sno
868 2798 916 2856 vi-

157 2897 220 2944 ctus
229 2897 314 2958 esset,
327 2886 418 2964 magis
427 2885 488 2944 bile
499 2899 587 2964 atque
599 2884 709 2966 invidia
720 2899 915 2966 torqueretur,

156 2993 242 3050 quam
263 2993 318 3052 ego
335 2991 408 3032 cum·
423 2975 453 3032 in
475 2975 632 3034 certamine
648 2976 714 3053 pilae
730 2996 748 3035 a
765 2979 916 3060 collusore

157 3082 220 3120 meo
234 3061 406 3142 superabar.
