2384 4052
268 428 319 478 298
449 429 473 476 S.
493 427 673 479 AUGUSTINI
691 426 834 476 EPISCOPI

265 525 318 584 ubi
339 543 476 602 agnosco,
491 526 546 602 nisi
568 527 598 582 in
619 527 682 603 ipsa
707 525 863 583 memoria?
892 527 967 581 Num
993 538 1021 582 et

265 615 393 693 ipseper
408 615 561 692 imaginem
576 635 658 674 suam
673 613 728 672 sibi
740 614 833 686 adest,
847 633 882 671 ac
898 634 956 671 non
968 633 1021 690 per

266 705 410 781 seipsam?

520 844 654 906 CAPUT
674 845 761 907 XVI.

449 1011 480 1056 Et
501 1006 629 1057 oblivionis
647 1005 764 1056 memoria
781 1015 826 1054 est.

307 1165 354 1224 24.
379 1153 472 1240 Quid,
492 1185 559 1223 cum
580 1165 757 1224 oblivionem
778 1165 912 1238 nomino,
934 1178 1020 1242 atque

269 1255 368 1314 itidem
387 1274 511 1333 agnosco
531 1255 612 1332 quod
633 1255 769 1330 nomino?
785 1255 862 1312 unde
880 1273 1020 1332 agnosce-

268 1364 327 1419 reni
352 1345 406 1405 nisi
431 1347 646 1405 meminissem?
669 1350 733 1403 Non
758 1344 893 1422 eumdem
917 1363 1020 1404 sonum

267 1437 390 1494 nominis
409 1426 491 1514 dico,
510 1437 561 1496 sed
574 1454 636 1494 rem
650 1454 738 1512 quam
757 1435 913 1512 significan
932 1455 1020 1512 quam

267 1526 291 1582 si
302 1525 410 1587 oblitus
423 1545 529 1598 essem3
542 1527 614 1603 quid
625 1526 675 1584 ille
687 1527 799 1584 valeret
814 1544 916 1596 sonus,
931 1543 1020 1601 agno-

267 1633 347 1675 scere
370 1615 471 1693 utique
491 1634 550 1674 non
572 1615 708 1673 valerem.
724 1618 800 1692 Ergo
823 1634 889 1672 eum
909 1631 1021 1671 memo-

266 1705 339 1763 riam
355 1705 489 1776 memini,
504 1725 557 1782 per
571 1705 695 1782 seipsam
711 1703 768 1763 sibi
783 1715 888 1782 praesto
903 1717 946 1762 est
958 1705 1020 1781 ipsa

266 1785 431 1854 memoria:
454 1815 521 1853 oum
543 1815 614 1862 vero
637 1795 756 1854 memini
778 1794 970 1866 oblivionem,
992 1807 1021 1853 et

266 1885 406 1944 memoria
425 1896 590 1962 praesidest
611 1897 639 1943 et
657 1885 784 1955 oblivio;
803 1885 942 1942 memoria
962 1875 1022 1961 qun

266 1973 462 2044 meminerim,
494 1973 606 2033 oblivio
627 1993 719 2054 quam·
741 1975 931 2041 meminerim.
964 1976 1021 2034 Sed

265 2061 338 2138 quid
355 2074 399 2120 est
416 2061 541 2133 oblivio,
557 2062 613 2120 nisi
626 2063 753 2140 privatio
770 2063 932 2122 memoriae?
943 2069 1021 2138 Quo-

266 2151 355 2210 modo
373 2170 441 2228 ergo
460 2150 541 2209 adest
558 2165 591 2210 ut
603 2171 672 2211 eam
690 2153 885 2225 meminerim,
903 2154 1019 2230 quaudo

266 2258 332 2299 eum
346 2239 427 2298 adest
441 2241 607 2298 meminisse
622 2259 680 2297 non
694 2245 830 2318 possum?
843 2246 882 2300 At
898 2243 922 2300 si
941 2242 1020 2318 quod

265 2329 447 2386 meminimus
455 2329 595 2388 memoria
603 2331 772 2403 retinemus3
782 2331 959 2390 oblivionem
970 2352 1020 2391 au·

265 2430 322 2476 tem
340 2418 394 2476 nisi
409 2417 652 2491 meminissemus,
671 2441 854 2499 nequaquam
870 2441 1019 2499 possemus

264 2505 364 2564 audito
385 2508 440 2566 isto
463 2507 594 2582 nomine,
613 2529 676 2568 rem
694 2511 758 2588 quae
776 2512 827 2568 illo
843 2511 1019 2589 significatur

263 2615 436 2674 agnoscere;
458 2600 598 2658 memoria
621 2601 762 2660 retinetur
786 2600 906 2659 oblivio.
928 2601 1018 2659 Adest
1100 2623 1103 2630 ·

264 2703 334 2764 ergo
354 2707 390 2746 ue
408 2683 631 2761 obliviscamur,
646 2709 711 2767 quoe
727 2710 794 2748 cum
812 2689 894 2748 adest
909 2689 1018 2748 oblivia

263 2777 381 2836 scimur.
395 2783 440 2836 An
454 2799 491 2837 ex
503 2779 560 2837 hoe
573 2780 744 2857 intelligitur
757 2799 816 2837 non
828 2799 882 2857 per
895 2781 1018 2856 seipsam

264 2866 357 2924 inesse
370 2871 517 2927 meuioriae
530 2889 596 2928 oum
610 2890 674 2930 eam
689 2870 890 2940 meminimus,
903 2870 954 2929 sed
965 2861 1019 2948 per

263 2953 417 3030 imaginem
430 2959 606 3035 suamlquia
618 2960 642 3018 si
653 2978 707 3037 per
717 2959 840 3036 seipsam
852 2972 959 3037 praesto
972 2979 1018 3018 es-

263 3054 306 3100 set
320 3042 449 3116 oblivio,
459 3067 518 3104 non
530 3060 563 3106 ut
576 3049 818 3123 meminissemus,
829 3049 881 3108 sed
896 3061 931 3108 ut
941 3049 1017 3108 obli-

262 3133 439 3194 visceremur
459 3137 597 3198 efficeret.
619 3143 654 3200 Et
674 3140 731 3199 hoe
747 3140 813 3218 quis
837 3140 954 3200 tandem
972 3139 1017 3196 in-
