2384 4052
275 443 325 490 306
459 437 484 485 S.
503 433 688 484 AUGUSTINI
705 433 850 484 EPISGOPI

274 559 327 617 per
348 537 479 615 corporis
499 553 597 592 sensus
615 535 687 592 alios
708 535 876 610 eloquentes
897 534 1031 594 animad-

274 640 423 688 verterunt
436 638 465 685 et
484 625 618 690 delectati
638 637 704 682 sunt
718 637 746 682 et
759 625 816 682 hoc
830 643 892 683 esse
917 625 1033 684 deside-

274 733 339 778 rant
353 717 536 797 (quanquam
555 715 610 773 nisi
624 735 660 772 ex
674 715 812 772 interiore
827 713 954 772 notitia*
972 735 1031 773 non

275 809 499 878 delectarentur,
515 825 610 883 neque
624 805 680 862 hoc
700 824 761 862 esse
780 805 887 864 vellent
903 805 958 862 nisi
975 804 1030 863 de-

275 894 484 975 lectarentur);
505 895 619 954 beatam
644 913 715 952 vero
735 894 825 952 vitam
846 893 925 952 nullo
945 913 1032 953 sensu

262 987 406 1066 eorporis
420 988 450 1044 in
458 985 521 1044 aliis
535 986 711 1063 experimur.
720 983 867 1060 Numquid
880 983 955 1043 sicut
970 1003 1032 1042 me-

277 1077 410 1136 minimus
424 1074 582 1154 gaudium?
597 1078 728 1132 Fortasse
741 1073 790 1130 ita.
804 1077 878 1132 Nam
891 1072 1030 1150 gaudium

277 1187 372 1226 meum
385 1168 470 1224 etiam
483 1164 572 1222 tristis
586 1164 714 1234 memini,
726 1163 801 1221 sicut
811 1164 900 1222 vitam
914 1161 1030 1222 beatam

276 1259 362 1316 miser
378 1279 385 1314 ε
400 1277 493 1334 neque
504 1275 632 1334 unquam
649 1254 779 1333 corporis
796 1273 880 1312 sensu
893 1255 1030 1332 gaudium

277 1369 373 1406 meum
391 1350 437 1406 vel
456 1347 530 1420 vidi,
550 1349 596 1406 vel
610 1341 722 1419 audivi,
737 1347 783 1406 vel
802 1345 940 1405 odoratus
951 1347 1031 1418 sum,

277 1439 322 1494 vel
343 1439 474 1514 gustavi,
494 1439 539 1496 vel
566 1439 660 1514 tetigi3
687 1435 737 1494 sed
760 1449 895 1514 expertus
916 1456 980 1496 sum
1000 1437 1031 1494 in

214 1598 215 1604 ἵ
277 1529 372 1584 animo
396 1548 461 1586 meo
485 1527 602 1604 quando
623 1529 733 1584 laetatus
758 1547 837 1598 sum,
862 1539 891 1584 et
909 1525 1031 1584 adhaesit

278 1617 338 1693 ejus
352 1619 453 1675 notitia
466 1619 612 1675 memoriae
628 1637 714 1689 meae,
726 1629 760 1674 ut
772 1609 802 1674 id
816 1617 961 1674 reminisci
975 1635 1030 1673 va·-

203 1719 208 1733 '
277 1711 350 1766 leam
372 1709 526 1786 aliquando
547 1728 611 1765 cum
638 1709 853 1784 aspernatione,
875 1707 1031 1782 aliquando

279 1819 343 1856 oum
365 1799 508 1856 desiderio
515 1840 524 1869 ,
545 1818 599 1876 pro
625 1818 724 1860 earum
744 1818 842 1856 rerum
863 1797 1031 1855 diversitate

279 1889 314 1945 de
328 1887 433 1966 quibus
447 1907 493 1945 me
505 1889 635 1964 gavisum
647 1905 709 1944 esse
722 1887 848 1945 memini.
864 1891 937 1943 Nam
951 1898 980 1944 et
994 1885 1031 1944 de

279 1979 411 2057 turpibus
434 1979 539 2056 gaudio
558 1979 684 2056 quodam
704 1979 839 2056 perfusus
860 1978 1031 2054 sum,quod

278 2065 353 2127 nuuc
374 2069 528 2128 recordans
547 2069 674 2126 detestor
699 2081 785 2145 atque
803 2086 956 2136 exsecror3
974 2068 1030 2124 ali-

278 2158 394 2237 quando
411 2157 544 2217 debonis
563 2169 591 2215 et
606 2157 750 2228 honestis,
766 2155 846 2233 quod
865 2151 1031 2214 desiderans

195 2271 197 2276 ·
279 2251 391 2318 recolo,
405 2250 517 2306 tametsi
531 2248 606 2306 sorte
619 2267 677 2304 non
690 2247 809 2317 adsunt,
820 2259 850 2304 et
862 2245 929 2304 ideo
943 2248 1031 2305 tristis

278 2340 413 2416 gaudium
425 2339 578 2417 pristinum
589 2338 695 2395 recolo.

318 2431 367 2488 31.
388 2429 446 2489 Ubi
459 2449 528 2508 ergo
541 2442 570 2489 et
582 2429 698 2506 quando
713 2441 850 2506 expertus
863 2445 927 2486 sum
941 2425 1030 2488 vitam

279 2539 371 2580 meam
389 2519 504 2578 beatam
524 2531 557 2576 ut
578 2519 714 2577 recorder
735 2535 816 2593 eam,
836 2530 864 2576 et
882 2537 975 2576 amem
1003 2532 1032 2577 et

279 2610 459 2694 desiderem?
475 2615 535 2668 Nee
554 2629 606 2687 ego
627 2621 753 2682 tantum,
769 2620 898 2667 anteum
918 2611 1030 2686 paucis,

279 2702 328 2760 sed
343 2701 419 2760 beati
439 2720 559 2780 prorsus
580 2719 679 2758 omnes
698 2719 760 2758 esse
779 2700 922 2757 volumus.
945 2699 1030 2773 Quod

278 2794 332 2850 nisi
347 2806 424 2852 certa
445 2793 547 2850 notitia
564 2811 728 2861 nossemus,
743 2797 801 2847 uon
813 2801 872 2848 tam
885 2801 963 2848 certa
976 2809 1031 2848 vo-

278 2885 385 2940 luntate
399 2885 546 2942 vellemus.
557 2883 613 2942 Sed
623 2883 694 2961 quid
704 2895 746 2940 est
759 2881 816 2939 boc
825 2880 904 2960 quod
916 2881 940 2939 si
951 2889 1031 2960 qua's-
1102 2959 1103 2966 ἵ

278 2983 359 3027 ratur
379 2991 395 3027 a
415 2970 546 3043 duobus,
566 2985 664 3030 utrum
690 2971 814 3030 militare
838 2972 946 3041 velint,
967 2971 1030 3028 lieri
1116 2960 1120 2967 ’

278 3073 374 3139 posset
386 3074 418 3118 ut
438 3063 511 3120 alter
529 3081 628 3120 eorum
643 3062 717 3120 velle
735 3082 782 3134 se,
795 3062 866 3120 alter
880 3063 957 3120 nolle
979 3081 1028 3119 re-

278 3149 441 3230 spondeat:
460 3152 483 3210 si
506 3163 603 3210 autem
625 3151 663 3210 ab
684 3152 725 3210 eis
748 3163 908 3229 quaeratur,
929 3162 1028 3210 utrum
