2356 4018
360 459 611 512 confessionum
628 457 722 512 LIBER
740 459 785 512 lX.
902 453 951 512 247

193 559 374 639 professione
383 558 537 638 rhetorica,
546 563 624 622 unde
631 563 692 640 jam
703 565 829 640 cogitatu
841 563 952 620 solutu's
995 607 997 610 .

194 671 283 709 eram.
305 655 341 708 Et
354 651 461 708 factum
476 662 532 722 est,
550 665 579 710 et
592 655 692 712 eruisti
705 655 951 734 linguamsmeam,

193 741 272 800 unde
287 740 348 818 jam
368 758 486 798 erueras
501 760 551 798 cor
564 762 679 816 meum;
699 756 728 801 et
741 740 954 801 benedicebam

194 830 249 902 tibi
272 830 416 908 gaudens,
443 831 592 908 profectus
614 831 645 890 in
667 834 766 891 villam
792 853 859 891 cum
879 831 951 890 meis

194 921 338 985 omnibus.
358 921 405 980 Ibi
417 922 489 1005 quid
506 924 659 1000 egerim‘in
673 925 786 996 litteris,
802 923 864 1001 jam
880 925 948 1000 quie

193 1015 261 1073 dem
288 1014 481 1074 servientibus
508 1015 578 1089 ubi,
611 1017 662 1076 sed
686 1017 781 1076 adhuc
797 1015 951 1094 ”superbiae

193 1103 339 1175 scholam,
374 1116 510 1181 tanquam
535 1107 566 1164 in
596 1109 766 1186 pausatione
790 1107 952 1166 anhelanti*

194 1195 250 1254 bus
263 1196 290 1266 *,
311 1207 452 1253 testantur
469 1194 537 1254 libri
556 1195 695 1275 disputati
715 1217 782 1255 cum
801 1198 952 1276 praesenti-

194 1283 260 1354 bus,
270 1296 299 1342 et
310 1303 377 1342 cum
388 1283 451 1362 ipso
463 1304 510 1342 me
524 1287 586 1343 solo
601 1294 699 1343 cor'am
714 1299 742 1344 te
755 1308 763 1342 ε
775 1305 841 1363 quae
853 1300 951 1344 autern

194 1395 262 1432 curn
282 1373 398 1432 absente
414 1373 579 1446 Nebridio,
592 1376 888 1453 testantnr'epistolae.
914 1379 952 1432 Et

193 1451 313 1540 quandd
333 1463 404 1534 mihi
424 1463 548 1521 sufficiat
568 1477 683 1541 tempus
696 1465 951 1522 vcommemorandi

194 1551 292 1610 omnia
314 1570 418 1628 magna
440 1570 508 1626 erga
532 1571 587 1622 nos
606 1551 759 1610 beneficia·
773 1565 824 1609 tua
846 1555 877 1610 in
899 1553 950 1611 illo

196 1647 336 1719 tempore,
350 1641 511 1718 praesertim
523 1640 560 1698 ad
575 1641 631 1698 alia
644 1640 753 1718 majora
763 1643 951 1718 properanti?

196 1733 324 1790 Revocat
348 1731 426 1788 enim
451 1749 498 1788 me
522 1730 686 1788 recordatio
707 1727 786 1800 mea,
815 1741 844 1800 et
865 1730 951 1802 dulce

197 1819 268 1878 mihi
282 1819 326 1891 fit,
349 1819 490 1890 Domine,
513 1819 645 1876 confiteri
655 1818 718 1876 ³tibi
732 1817 838 1894 quibus
855 1819 950 1876 inter*

196 1908 247 1966 nis'
259 1927 307 1967 me
327 1909 449 1968 stimulis
468 1907 687 1988 perdomueris,
708 1918 737 1964 et
758 1905 949 1996 quemadmo-

194 1997 267 2057 dum
289 2019 335 2058 me
356 1999 597 2077 complanaveris,
614 1997 781 2076 'humiliatis
802 1989 950 2054 montibus

126 2145 129 2148 .
195 2101 226 2146 et
244 2089 590 2167 collibus'cogitatiouum
608 2107 752 2160 mearum,
774 2099 803 2144 et
821 2099 950 2144 tortuosa

196 2197 261 2236 mea
268 2177 422 2250 direxeris,
435 2191 464 2237 et
477 2198 578 2258 aspera
587 2178 720 2250 lenieris3
733 2195 851 2254 quoque
862 2175 949 2234 modo

195 2267 292 2346 ipsur'n
311 2269 397 2327 etiarn
408 2270 546 2348 Alypium
556 2272 688 2332 ,fratrem
699 2269 794 2327 cordis
809 2268 866 2326 mei
881 2265 951 2324 sub-

195 2359 289 2436 egeris
309 2359 420 2417 nomini
442 2361 584 2437 unigeniti
602 2361 645 2418 tui
662 2359 781 2418 Domini
799 2371 829 2416 et
848 2357 949 2415 Salva-

197 2449 273 2526 toris·
281 2450 372 2508 nostri
384 2453 401 2507 J
403 2469 452 2507 esu
466 2451 585 2528 Christi,
605 2451 685 2527 quod
702 2451 799 2527 primo
813 2447 951 2524 dedigna-

196 2537 283 2600 batur
307 2540 396 2597 inseri
421 2539 523 2598 litteris
546 2541 661 2597 nostris.
677 2540 779 2614 Magis
804 2537 951 2594 eniin‘eas

196 2629 314 2687 volebat
337 2628 470 2706 redolere
495 2628 710 2703 gymnasiorum
735 2624 853 2692 cedros,
880 2643 950 2697 quas

194 2717 255 2792 jain
270 2719 407 2777 contrivit
420 2718 576 2788 Dominus,
599 2735 687 2792 quam
700 2712 831 2771 salubres
847 2713 952 2770 herbas
1014 2703 1027 2753 ·'

196 2811 407 2868 ecclesiasticas·
415 2806 551 2866 adversas
565 2802 758 2883 serpentibus.

237 2899 265 2955 8.
282 2903 359 2973 Quas
374 2898 441 2968 tibi,
463 2901 542 2955 Deus
559 2915 655 2966 meus,
676 2913 763 2953 voces
780 2893 862 2964 dedi,
886 2915 952 2951 cum

196 2991 321 3066 legerem
335 2990 462 3046 Psalmos
475 2987 585 3058 David,
605 2985 844 3060 cauticafidelia,
864 2998 892 3042 et
907 3005 953 3042 s0-

196 3099 248 3140 nus
273 3078 389 3158 pietatis
414 3077 600 3136 excludentes
628 3077 777 3155 turgidum
801 3075 954 3152 spiritrinr;

197 3169 277 3228 rudis
291 3169 321 3226 in
336 3186 473 3245 germano
487 3186 585 3226 amore
600 3180 664 3239 tuo,
686 3165 909 3224 catechumenus
923 3163 954 3218 in
