2354 4034
228 457 277 504 tet
411 458 435 506 S.
454 459 636 510 AUGUSTINI
655 460 800 510 remcort
821 493 832 505 -.

225 557 313 630 ximi,
332 577 418 635 quam
439 559 650 639 multiplicibus
671 561 873 634 sacramentis,
893 561 994 620 etin-

225 649 589 732 numerabilibuslinguis,
603 667 634 714 et
649 655 680 713 in
697 671 875 736 unaquaque
888 651 993 730 lingua

224 739 487 800 innumerabilibus
506 744 688 804 locutionum
710 743 823 814 modis,
847 761 992 820 corpora-

225 832 291 888 liter
307 831 491 890 enuntiatur!
507 833 550 892 ita-
561 847 696 894 crescunt
709 847 739 892 et
756 832 990 910 multiplicantur

223 925 299 982 fetus
323 943 477 1002 aquarum..
496 927 622 985 Attende
643 928 750 986 iterum
772 922 903 1001 quisquis
923 922 989 982 haec

212 1015 293 1100 ‘legis
308 1036 315 1072 ε
328 1035 396 1073 ecce
410 1013 563 1094 queduno
577 1016 666 1090 modu
679 1016 832 1094 Scriptura
846 1013 989 1087 effert5et

223 1126 283 1164 vox
298 1119 451 1184 personat,
466 1113 503 1164 In
513 1106 745 1185 principiosccit
755 1111 831 1166 Deus
844 1109 992 1188 coelumet

224 1212 327 1256 terram
341 1209 368 1271 ¹5
389 1219 488 1258 nonne
504 1201 708 1280 multipliciter
724 1197 903 1276 intelligitur,
926 1217 988 1254 non

222 1311 356 1369 errorum
368 1291 499 1364 fallacia,
514 1293 567 1352 sed
578 1313 717 1354 verarum
729 1289 986 1369 intelligentiarum

222 1380 399 1460 generibus?
409 1382 452 1440 ita
466 1395 604 1442 crescunt
619 1395 648 1444 et
660 1381 893 1460 multiplicantur
909 1379 986 1438 fetus

222 1471 382 1549 bominum.

262 1564 310 1623 37.
328 1568 430 1642 ltaque
447 1565 472 1623 si
485 1577 603 1626 naturas
623 1564 701 1643 ipsas
722 1583 821 1623 rerum
840 1583 899 1622 ncu
913 1561 987 1622 alle·

221 1652 318 1735 goricc
337 1654 389 1714 sed
408 1656 528 1735 proprie
550 1657 732 1736 cogitemus,
749 1652 902 1714 adomnia
918 1671 985 1730 quae

222 1747 258 1806 de
272 1747 431 1807 seminibus
445 1749 611 1826 gignuntur,
623 1746 760 1806 convenit
773 1745 908 1818 uerbum,
921 1745 985 1802 Cre-

220 1846 288 1896 seue
302 1854 332 1896 et
343 1841 584 1916 multiplicamini.
596 1838 626 1897 Si
639 1848 737 1896 autem
749 1836 871 1914 figurate
889 1833 986 1913 posita

219 1930 275 1988 ista
301 1939 472 2001 tractemus,
500 1927 581 2007 quod
610 1927 708 2006 potius
733 1925 861 1984 arbitror
887 1925 985 1982 inten-

221 2017 296 2078 disse
310 2019 507 2098 Scripturam,
521 2039 587 2096 quae
602 2019 704 2095 utique
720 2028 779 2075 non
801 2028 984 2094 supervacue

220 2109 288 2168 solis
304 2110 475 2187 aquatilium
490 2121 523 2168 et·
539 2109 691 2168 homiuum
706 2106 816 2166 fetibus
829 2106 914 2177 istam
932 2103 984 2164 be·

219 2199 415 2259 nedictionem
430 2198 580 2272 attribuit;
594 2199 760 2258 invenimus
776 2196 896 2276 quidem
910 2196 985 2254 mul·

220 2289 359 2348 titudines
369 2301 397 2346 et
411 2290 441 2347 in
453 2290 593 2347 creaturis
607 2287 809 2367 spiritualibus
819 2299 906 2364 atque
918 2306 984 2344 cor-

218 2377 384 2458 poralibus,
396 2390 534 2456 tanquam
551 2379 586 2436 in
605 2380 679 2437 coelc
699 2391 729 2436 et
747 2380 778 2438 in
799 2390 890 2450 terra3
903 2377 984 2436 etin

219 2469 321 2528 animis
327 2468 413 2546 justis
423 2481 452 2528 et
461 2470 580 2548 iniquis,
590 2483 729 2548 tanquam
740 2471 771 2530 iu
781 2471 889 2528 luceet
902 2481 983 2528 tene-

218 2560 295 2633 bris,
306 2574 335 2620 et
348 2561 378 2620 iu
388 2560 492 2620 sanctis
507 2561 693 2636 auctoribus,
707 2581 761 2640 per
773 2581 847 2640 quos
858 2560 907 2619 lex
920 2561 980 2620 mi-

219 2653 341 2712 nistrata
352 2666 408 2726 est,
423 2666 560 2731 tanquam
573 2653 609 2712 iu'
616 2654 798 2714 firmamento
813 2651 894 2731 qued
908 2651 980 2711 soli-

219 2744 320 2804 datum
330 2757 373 2803 est
383 2746 459 2804 inter
470 2763 576 2822 aquam
588 2758 618 2804 et
628 2765 749 2824 aquam;
760 2758 789 2803 et
802 2745 833 2804 in
843 2743 981 2803 societate

219 2835 439 2894 amaricantium
453 2837 647 2912 populorum,
660 2848 796 2913 tanquam
807 2835 838 2893 in
852 2835 938 2908 mari3
952 2847 982 2892 et

219 2925 249 2983 in
263 2924 359 2984 studio
372 2926 533 2985 animarum
545 2927 675 3006 piarum,
687 2939 825 3004 tanquam
838 2926 868 2984 in
883 2924 981 2999 arida3

219 3028 248 3073 et
259 3015 290 3074 in
303 3016 443 3095 operibus
458 3017 663 3080 misericordia
677 3017 837 3078 secundum
851 3035 981 3096 praesen*-

257 3211 376 3268 ²Gen.1,
394 3213 416 3259 1.
