2326 4020
314 461 568 513 commmodum
585 463 680 510 LIBER
691 466 730 542 ·Ι.,
864 470 897 518 aa

133 563 164 620 in
177 561 308 634 silentio,
321 565 400 620 Deus
414 562 493 620 solus
506 579 641 638 magnus,
652 561 716 638 lege
726 561 899 646 infatigabili

134 671 274 730 spargens
284 651 413 729 poenales
427 650 570 710 caecitates
586 669 674 728 super
688 650 802 710 illicitas
815 657 900 734 cupi-

136 740 254 800 ditates!
268 744 342 800 Cum
360 740 449 800 homo
466 739 639 818 eloquentiae
657 740 761 801 famam
778 745 898 820 querit,

136 842 233 888 astans
258 842 325 888 ante
352 830 500 890 hominem
522 817 667 914 judicem,
695 828 899 894 circumstante

138 919 290 980 hominum
318 919 519 991 multitudine,
542 916 691 976 inimicum
717 939 802 978 suum
829 923 898 984 odio

140 1010 345 1069 immanissimo
380 1010 540 1080 insectans,
568 1008 783 1088 vigilantissime
816 1027 899 1073 cavet

139 1118 175 1156 ne
186 1119 240 1176 per
250 1099 356 1176 linguae
369 1118 498 1160 errorem
512 1095 600 1167 dicat,
611 1101 691 1156 Inter
702 1098 899 1174 hominibus’3

138 1201 218 1246 etue
232 1209 286 1266 per
301 1189 405 1248 mentis
421 1189 549 1247 furorem
568 1186 713 1250 hominem
731 1190 841 1250 auferat
861 1211 907 1275 ex·

138 1277 321 1351 hominibus,
338 1298 397 1335 non
413 1289 505 1338 cavet.
714 1269 724 1288 '

392 1426 525 1488 CAPUT
545 1427 632 1487 xlx.

201 1582 381 1636 meritissimi
393 1599 447 1649 que
455 1583 481 1632 in
490 1584 595 1648 rumores
607 1591 689 1635 etates
701 1593 837 1639 balteum·

180 1724 229 1781 30.
250 1723 361 1782 Horum
377 1744 431 1802 ego
445 1745 518 1802 puer
534 1745 648 1784 morum
660 1727 690 1783 in
707 1726 803 1784 limine
812 1725 896 1804 jace-

138 1811 208 1871 bam
227 1814 321 1885 miser,
337 1827 366 1871 et
380 1812 467 1890 hujus
488 1833 583 1872 arenae
598 1814 732 1894 palaestra
752 1828 814 1873 erat
833 1815 897 1887 illa,

138 1901 195 1960 ubi
212 1905 301 1981 magis
314 1903 449 1962 timebam
463 1903 676 1963 barbarismum
690 1904 797 1975 lacere,
809 1925 897 1982 quam

139 1991 281 2049 cavebam
300 1993 324 2050 si
343 1991 481 2064 lacerem,
496 2014 554 2051 non
574 1991 745 2051 facientibus
758 1993 897 2054 invidere.

140 2079 216 2138 Dico
228 2081 290 2139 haec
303 2095 332 2139 et
345 2083 486 2142 confiteor
498 2081 566 2154 tibi,
581 2087 661 2152 Deus
674 2102 770 2153 meus,
782 2085 812 2140 in
827 2086 896 2161 qui-

140 2170 196 2230 bus
212 2172 355 2252 laudabar
373 2171 475 2243 abeis,
491 2172 598 2250 quibus
609 2174 725 2251 placere
743 2186 811 2231 tunc
825 2174 897 2232 mihi

139 2275 203 2319 erat
216 2263 337 2322 honeste
357 2263 466 2320 vivere.
480 2267 545 2321 Non
563 2263 639 2330 enim
657 2262 794 2322 videbam
809 2283 897 2324 vora·

139 2353 235 2428 ginem
251 2353 440 2432 turpitudinis
451 2353 481 2410 in
495 2373 582 2430 quam
600 2353 748 2431 projectus
765 2341 895 2412 eram’ab

140 2443 233 2501 oculis
250 2445 315 2502 tuis.
335 2447 411 2502 Nam·
428 2443 458 2501 in
478 2443 536 2527 illis
551 2443 613 2521 jam
635 2443 707 2522 quid
728 2443 896 2502 me'loedius

141 2531 210 2604 fuit,
235 2533 287 2592 ubi
305 2535 392 2592 etiam
413 2532 519 2592 talibus
539 2532 743 2611 displicebam,
768 2531 896 2592 lalleudo

141 2623 401 2684 innumerabilibus
421 2625 577 2684 mendaciis
598 2637 627 2682 et
648 2624 851 2704 paedagogum,
867 2638 897 2682 et

141 2715 306 2794 magistros,
324 2729 352 2774 et
375 2727 509 2794 parentes
528 2733 627 2773 amore
646 2712 779 2783 ludendi,
800 2712 896 2772 studio

140 2804 289 2880 spectandi
303 2803 463 2883 nugatoria,
476 2815 505 2860 et
515 2802 647 2860 imitandi
660 2801 773 2859 ludicra
785 2799 896 2878 iuquie

139 2895 257 2954 tudine?
274 2893 364 2953 Furta
381 2894 468 2952 etiam
488 2891 629 2951 faciebam
649 2892 685 2952 de
706 2891 824 2950 cellario
838 2911 894 2973 pa-

121 3037 126 3046 .
139 2999 252 3044 rentum
271 2997 300 3042 et
316 2983 353 3041 de
364 3001 475 3053 mensa,
490 2983 535 3040 vel
554 2983 621 3059 gula
638 2981 835 3059 imperitante,
849 2983 894 3037 vel

138 3089 169 3135 ut
188 3074 328 3134 haberem
348 3073 427 3152 quo‘d
442 3072 541 3131 darem
560 3074 671 3150 pueris,
689 3072 791 3130 ludum
808 3087 893 3128 suum

140 3169 299 3244 mihi,'qu0
313 3167 421 3245 pariter
439 3165 539 3242 utique
552 3162 781 3242 delectabantur,
797 3175 894 3220 tamen
