2316 4020
308 423 561 473 convocatorum
578 423 674 471 LIBER
692 423 747 470 VII.
860 424 907 472 17³

136 538 170 583 ct
183 522 402 602 inviolabilem,
417 535 446 580 et
463 520 745 594 incommutabilem,
764 522 832 580 totis
846 541 909 580 me*

138 613 233 674 dullis
254 613 425 686 credebam3
439 614 523 691 quia,
541 613 672 672 nesciens
692 613 771 672 unde
789 625 819 670 et
833 634 909 692 quo·

137 703 251 776 modo,
267 704 361 782 plane
376 717 472 762 tamen
488 701 626 762 videbam
648 715 677 759 et
695 715 791 760 certus
811 723 907 775 eram,

138 794 172 852 id
188 793 273 872 qudtl
290 794 439 871 corrumpi
449 805 570 872 potest,
587 791 721 850 ‘deterius
741 812 802 852 esse
820 813 908 871 quam

139 884 173 943 id
189 883 274 961 quod
287 905 346 942 uon
358 896 467 964 potest3
479 897 509 941 ct
519 882 599 960 quod
612 883 716 941 violari
732 902 790 941 uon
803 896 908 961 potest,

139 976 350 1033 incunctanter
371 974 577 1052 praeponebam
604 973 749 1047 violabili3
775 987 804 1034 et
828 977 908 1053 quod

139 1065 259 1124 nullam
275 1065 385 1142 patitur
400 1065 605 1134 mutationem,
619 1064 721 1122 melius
742 1083 804 1123 esse
819 1084 908 1142 quam

139 1156 173 1214 id
195 1154 277 1231 quod
290 1155 398 1212 mutari
415 1167 520 1234 potest.
537 1153 687 1212 Clamabat
700 1155 843 1213 violenter
857 1175 908 1214 cor

140 1265 245 1304 meum
256 1245 395 1314 adversus
404 1246 502 1302 omnia
512 1243 714 1322 phantasmata
721 1263 800 1318 mea,
811 1258 840 1303 et
850 1245 907 1304 hoe

139 1356 204 1404 nno
220 1335 282 1394 ictu
297 1335 424 1395 conabar
435 1335 555 1412 abigere
569 1336 826 1394 circumvolantem
840 1348 907 1395 tur·

138 1427 215 1488 bam
235 1427 425 1499 immunditiae
442 1425 479 1484 ab
497 1427 559 1485 acie
579 1425 683 1500 mentis
701 1425 839 1498 meae;·et
856 1427 907 1485 vix

140 1517 257 1576 dimota
277 1517 309 1574 in
329 1517 390 1574 ictu
410 1515 503 1586 oculi,
523 1535 595 1574 ecce
613 1514 786 1594 conglobata
806 1537 906 1578 rursus

139 1605 255 1676 aderat,
267 1618 296 1664 et
306 1604 439 1664 irruebat
447 1606 479 1664 in
487 1617 637 1683 aspectum
649 1623 760 1675 meum,
772 1617 801 1662 et
812 1605 906 1666 obnu-

139 1693 257 1756 bilabat
275 1715 342 1754 eum
356 1717 369 1776 ιε
390 1707 423 1754 ut
440 1695 572 1773 quamvis
589 1715 648 1754 non
668 1694 775 1776 forma.
786 1695 906 1753 humani

138 1789 290 1864 corporis,
304 1786 479 1864 corporeum
491 1800 588 1845 tamen
598 1783 709 1862 aliquid
720 1781 847 1860 cogitare
857 1805 905 1842 co-

138 1897 228 1956 gerer
237 1897 291 1956 per
301 1879 394 1956 spatia
404 1879 550 1958 locorum,
565 1880 626 1937 sive
639 1877 768 1934 inlusum
783 1877 904 1952 mundo,

139 1966 204 2024 sive
217 1966 304 2024 etiam
314 1979 397 2024 extra
406 1967 546 2038 mundum
561 1985 615 2044 per
627 1965 740 2026 inlicita
754 1964 905 2039 diffusum,

141 2057 230 2136 ctiam
244 2056 339 2134 ipsum
352 2057 576 2133 incorruptibile
591 2069 621 2113 et
635 2053 804 2114 inviolabile
817 2057 904 2120 etin-

142 2143 363 2216 co'mmutabile,
377 2143 458 2221 qnod
477 2144 662 2223 corruptibili
683 2158 712 2203 et
727 2144 859 2204 violabili
875 2159 904 2204 et

143 2231 343 2294 commutabili
362 2233 584 2312 praeponebam3
599 2235 737 2313 quoniam
757 2235 902 2314 quidquid

143 2323 295 2402 privabam
307 2324 408 2403 spatiis
424 2324 545 2397 talibus,
561 2325 632 2384 nihil
651 2326 723 2384 mihi
741 2345 803 2386 esse
818 2326 903 2384 vide-

143 2412 231 2472 batur
245 2437 252 2472 :
266 2415 317 2474 sed
329 2434 449 2493 prorsus
460 2415 542 2487 nihil,
553 2435 589 2474 ne
600 2417 685 2475 inane
695 2416 829 2494 quidem;
842 2427 905 2474 tan·.
952 2442 956 2449 ·

142 2523 232 2582 quam
244 2505 268 2564 si
277 2525 384 2583 eorpus
399 2493 550 2564 anferatur
561 2507 637 2578 loco,
654 2515 684 2563 et
696 2517 810 2564 maneat
820 2505 902 2564 locus

143 2597 223 2658 omni
234 2601 359 2678 corpore
371 2609 519 2668 vacuatus,
532 2609 562 2655 et
573 2609 687 2655 terreno
699 2608 728 2653 et
739 2594 862 2652 htuuido
874 2608 903 2652 et

144 2703 229 2748 acteo
245 2700 275 2745 et
288 2688 408 2760 coelesti,
421 2688 472 2747 sed
485 2701 582 2746 tamen
590 2687 630 2745 ,sit
643 2686 724 2743 locus
736 2683 828 2746 inanis
840 2697 903 2742 tan-

141 2798 231 2856 quam
245 2781 405 2858 spatiosum
418 2779 501 2838 nihil.
553 2796 557 2801 ·

182 2865 210 2924 2.
231 2872 293 2948 Ego
308 2868 406 2946 itaque
421 2869 595 2927 incrassatus
618 2863 720 2936 eorde,
739 2864 901 2928 necmihi-

143 2957 258 3034 metipsi
271 2958 318 3016 vel
337 2958 399 3035 ipse
412 2956 602 3034 conspicuus,
618 2953 763 3032 quidquid
775 2971 834 3024 non
848 2973 902 3031 per

143 3048 291 3124 aliquanta
308 3049 402 3126 spatia
422 3047 599 3119 tenderetur,
612 3046 659 3104 vel
669 3043 900 3116 diffunderetur,

144 3136 189 3196 vel
203 3137 439 3216 conglobaretur,
451 3137 655 3210 veltumeret,
664 3136 710 3196 vel
722 3135 779 3195 tale
789 3133 899 3210 aliquid
