2356 4018
312 492 564 544 comssroutnt
582 492 678 540 LIBER
695 493 752 541 VII.
861 495 911 546 193

147 595 268 668 darem,
289 607 320 653 et
342 592 473 653 nondum
492 612 539 650 me
561 611 623 651 esse
644 591 694 669 qui
713 591 851 650 viderem.
876 597 912 652 Et

147 685 347 744 reverberasti
372 684 569 743 infirmitatem
599 695 731 759 aspectus
760 684 835 756 mei,
861 705 912 744 ra-

149 775 235 833 dians
255 775 285 832 in
303 795 349 832 me
367 774 572 844 vehementer,
587 785 617 830 et
634 773 795 831 contremui
815 793 914 834 amore

150 877 182 925 et
208 865 347 936 horrore3
370 875 400 922 et
422 862 520 921 inveni
536 862 621 939 longe
644 881 690 919 me
712 882 773 920 esse
796 883 812 921 a
833 877 861 922 te
882 865 914 923 in

152 954 273 1032 regione
290 950 545 1022 dissimilitudinis,
566 962 703 1028 tanquam
719 951 850 1011 audirem
864 975 915 1013 vo-

154 1062 220 1101 cem
237 1055 315 1100 tuam
338 1040 375 1100 de
395 1041 510 1099 excelso
526 1060 536 1095 e
553 1038 642 1098 Cibus
660 1059 723 1098 sum
741 1042 915 1119 grandium3

154 1152 267 1204 cresce,
280 1143 309 1190 et
322 1128 512 1188 manducabis
523 1149 578 1188 me.
589 1133 650 1188 Nec
663 1143 695 1188 tu
707 1151 754 1189 me
768 1132 798 1190 in
812 1145 840 1192 te
854 1155 916 1195 mu-

155 1223 251 1296 tabis2
259 1224 334 1282 sicut
350 1221 449 1279 cibum
463 1219 558 1278 carnis
569 1232 625 1278 tuae
633 1243 642 1294 ;
650 1220 702 1278 sed
714 1233 746 1280 tu
758 1224 916 1285 mutaberis

154 1313 185 1372 in
199 1331 255 1371 me.
266 1315 302 1370 Et
316 1310 440 1389 cognovi
453 1309 590 1387 quoniam
599 1330 663 1388 ¹pro
682 1311 836 1391 iniquitate
852 1336 917 1376 eru-

157 1403 227 1462 disti
240 1402 396 1474 hominem,
411 1413 440 1458 et
455 1399 604 1459 tabescere
620 1401 713 1460 fecisti
726 1404 802 1462 sicut
817 1419 916 1466 arane-

155 1513 206 1554 am
216 1493 341 1552 animam
353 1507 446 1550 meam
459 1501 484 1562 ¹3
498 1503 527 1548 et
539 1490 599 1549 dixi
613 1511 619 1548 :
633 1495 780 1570 Numquid
792 1495 867 1556 nihil
877 1510 920 1556 est

155 1585 279 1655 veritas,
298 1583 435 1659 quoniam
453 1601 549 1660 neque
569 1602 622 1660 per
643 1583 732 1657 linita,
752 1605 847 1663 neque
865 1608 918 1665 per

156 1675 271 1732 infinita
288 1675 420 1733 locorum
434 1673 527 1750 spatia
542 1672 648 1730 diffusa
664 1676 726 1731 esti
740 1679 776 1732 Et
791 1677 921 1738 clamasti

160 1762 198 1820 de
207 1751 366 1840 longinquo
377 1781 384 1818 :
394 1764 458 1818 Imo
470 1779 550 1830 vero,
562 1764 624 1836 Ego
638 1781 699 1818 sum
714 1769 836 1836 quicum
848 1775 869 1823 ².
884 1771 920 1824 Et

160 1850 261 1909 audivi
274 1850 350 1908 sicut
363 1847 482 1908 auditur
494 1850 525 1906 in
537 1846 639 1920 corde,
652 1862 681 1907 et
694 1870 752 1908 non
763 1865 825 1910 erat
836 1874 918 1931 pror.

160 1944 210 1998 sus
226 1935 303 1996 unde
318 1936 496 2008 dubitarem
513 1937 684 2014 faciliusque
701 1937 865 2001 dubitarem
878 1945 920 2001 vi-

160 2019 231 2089 vere
250 2051 313 2102 me,
333 2049 421 2109 quam
438 2050 497 2088 non
513 2049 574 2088 esse
595 2031 761 2107 veritatem,
783 2054 847 2113 quae
866 2053 918 2113 per

161 2141 196 2180 ea
213 2141 277 2198 quae
296 2122 468 2195 factasunt,
484 2121 630 2180 intellecta
650 2123 828 2200 conspicitur
845 2125 859 2151 *
870 2125 890 2182 ³.

434 2293 567 2362 clrur
587 2301 644 2362 xi
674 2375 676 2379 .

279 2462 408 2528 Quomodo
423 2472 538 2513 creature
553 2471 623 2524 snut,
641 2469 665 2513 et
678 2479 727 2516 non
739 2475 803 2518 sunt.

207 2611 252 2668 17.
271 2615 308 2668 Et
324 2611 439 2689 inspexi
457 2624 559 2670 caetera
576 2611 653 2668 infra
676 2623 721 2682 te,
740 2624 769 2669 et
787 2613 849 2670 vidi
866 2635 919 2674 nec

164 2721 282 2774 ommno
303 2719 380 2773 esse,
394 2721 448 2758 nec
462 2719 580 2759 ommno
600 2718 658 2756 non
674 2717 736 2756 esse
751 2719 758 2755 ε
774 2719 834 2758 esse
854 2721 921 2778 qut-

165 2789 241 2863 dem,
251 2791 389 2869 quoniam
398 2790 449 2849 abs
462 2804 491 2848 te
503 2802 583 2862 sunt3
593 2799 651 2846 non
663 2784 724 2846 esse
733 2800 838 2864 autern,
848 2811 921 2870 quo-

164 2881 242 2939 niam
263 2880 295 2938 id
312 2880 392 2958 quod
412 2901 442 2940 es
460 2900 518 2938 non
540 2891 616 2937 sunt.
632 2877 666 2936 Id
683 2878 758 2936 enim
777 2898 847 2939 vere
861 2895 904 2941 est
910 2927 919 2956 ,

165 2971 245 3047 quod
258 2969 537 3030 incommutabiliter
552 2980 657 3027 manet.
673 2968 745 3026 Mihi
761 2982 858 3030 autem
872 2973 919 3030 in·

203 3137 286 3186 ¹Psal.
299 3151 406 3192 xxxvm.
420 3140 459 3187 12.
473 3163 507 3172 -
528 3145 539 3171 ²
556 3134 633 3186 Exod.
651 3127 695 3195 nr}
711 3139 751 3186 tt.
763 3163 797 3172 —
815 3135 827 3172 ³
846 3140 916 3187 Rom.

165 3233 189 3276 1,
211 3221 253 3266 20.

781 3308 810 3355 l7
