2394 4010
348 415 598 464 CONFESSIONUM
615 418 709 465 LIBER
727 419 760 464 X.
880 423 929 469 305

171 529 232 594 que
249 515 327 572 enim
347 533 509 572 amaremus
529 533 592 571 eam
612 515 667 571 nisi
688 533 843 573 nossemus.
867 521 929 576 Au-

172 605 269 663 dimus
295 623 401 662 nomen
423 602 497 674 hoc,
510 615 538 660 et
560 623 621 662 rem
642 605 735 681 ipsam
752 623 851 662 omnes
878 625 929 662 nos

172 705 310 773 appetere
324 694 462 763 fatemur3
477 713 534 750 non
552 694 628 752 enim
650 713 721 751 sono
742 693 927 752 delectamur.

171 787 245 842 Nam
265 782 322 840 hoc
344 801 410 839 cum
430 781 518 839 latine
531 782 613 840 audit
627 783 833 855 Graecus‚non
851 783 929 842 dele-

173 882 276 942 ctatur,
287 871 357 948 quia
370 871 483 948 ignorat
495 870 566 947 quid
581 871 690 929 dictum
702 871 754 944 sit3
765 891 818 930 nos
832 885 928 930 autem

172 959 365 1031 delectamur,
384 960 458 1016 sicut
477 960 564 1023 etiam
582 959 631 1017 ille
648 961 672 1018 si
688 979 781 1037 graece
798 960 854 1019 hoc
872 980 940 1036 au—¹

172 1049 259 1108 dierit
274 1071 280 1106 :
295 1051 432 1128 quoniam
452 1069 498 1108 res
511 1051 575 1126 ipsa
594 1070 647 1108 nec
659 1069 756 1128 graeca
769 1070 823 1110 uec
840 1052 927 1112 latina

172 1153 230 1212 est,
243 1141 290 1198 cui
309 1140 502 1218 adipiscendae
522 1143 616 1200 Graeci
629 1143 782 1220 Latinique
801 1143 926 1216 inhiant,

171 1238 399 1307 caeterarumque
425 1230 589 1307 linguarum
619 1230 759 1312 homiues.
785 1236 859 1290 Nota
884 1247 927 1290 est

170 1321 258 1398 igitur
268 1319 411 1391 omnibus,
423 1320 474 1397 qui
486 1341 543 1379 nna
556 1339 629 1380 voce
642 1323 666 1380 si
675 1323 847 1401 interrogari
858 1344 926 1402 pos—

170 1421 248 1480 sent,
262 1407 451 1474 utrumteati
465 1429 527 1468 esse
539 1410 662 1483 vellent,
683 1413 745 1469 sine
762 1413 821 1470 ulla
835 1410 924 1470 dubi-

171 1499 287 1571 tatione,
305 1499 380 1556 velle
404 1499 620 1578 responderent.
638 1501 722 1576 Quod
747 1522 805 1560 non
831 1503 924 1572 fieret,

170 1589 225 1646 nisi
239 1609 284 1648 res
298 1590 360 1668 ipsa
375 1589 456 1666 cujus
476 1591 532 1648 hoc
546 1611 651 1649 nomen
670 1603 727 1664 est,
741 1611 841 1650 eorum
867 1611 925 1649 me-

170 1679 263 1736 moria
287 1689 439 1738 teneretur.

393 1872 396 1876 -
423 1829 555 1896 CAPUT
577 1830 661 1897 XXI.

256 1985 381 2047 Quomodo
392 1985 507 2034 memoria
520 1985 615 2036 beatam
629 1985 703 2036 vitam
716 1986 831 2036 continet.

207 2133 255 2190 ³0.
277 2134 424 2211 Numquid
447 2134 487 2193 ita
512 2149 544 2193 ut
567 2136 698 2194 meminit
720 2134 918 2212 Carthaginem

166 2225 217 2301 qui
235 2223 405 2282 viditiNon
420 2245 426 2279 :
442 2225 502 2282 vita
523 2225 599 2284 enim
619 2223 705 2284 beata
723 2243 781 2282 non
805 2223 920 2284 videtur
1002 2261 1004 2265 ·

164 2316 265 2385 oculis,
272 2315 341 2391 quia
355 2333 412 2370 non
426 2327 468 2372 est
482 2335 597 2394 corpus.
615 2314 763 2394 Numquid
776 2315 850 2374 sieut
861 2335 920 2373 me-

165 2404 298 2462 minimus
318 2405 571 2463 numerosiNon:
588 2405 642 2462 hos
665 2406 742 2464 enim
762 2404 813 2481 qui
831 2403 919 2462 habet

164 2494 193 2550 in
212 2495 327 2562 notitia,
348 2512 406 2550 non
427 2493 522 2551 adhuc
546 2495 649 2570 quaerit
668 2494 807 2570 adipisci3
827 2495 916 2552 vitam

163 2600 235 2653 vero
248 2578 363 2638 beatam
376 2578 516 2638 habemus
529 2584 559 2639 in
570 2583 687 2654 notitia,
701 2583 827 2660 ideoque
840 2602 918 2640 ama·

165 2688 229 2726 mus
243 2689 322 2740 eam,
337 2681 364 2726 et
383 2680 479 2726 tamen
496 2671 592 2728 adhuc
604 2672 725 2748 adipisci
744 2691 807 2728 eam
832 2673 917 2730 volu-

164 2777 228 2815 mus
240 2770 273 2815 ut
286 2757 364 2817 beati
377 2759 475 2816 simus.
490 2758 638 2834 Numquid
652 2760 726 2816 sicut
736 2758 918 2820 meminimus

165 2847 375 2923 eloquentiam?
388 2852 453 2905 Non
469 2869 475 2904 :
490 2849 622 2924 quamvis
644 2849 720 2906 enim
733 2847 790 2906 hoo
803 2852 917 2909 nomine

165 2935 265 2995 audito
285 2939 473 2997 recordentur
489 2941 581 3016 ipsam
600 2957 660 2998 rem
678 2940 728 3018 qui
743 2939 828 3000 etiam
841 2960 916 2999 non-

166 3025 235 3084 dum
255 3041 320 3086 sunt
343 3030 522 3107 eloquentes,
538 3030 679 3106 multique
697 3049 757 3089 esse
784 3033 917 3110 cupiant,

99 3123 102 3130 '
166 3117 242 3178 uude
256 3133 377 3199 apparet
390 3141 452 3180 eam
467 3140 528 3180 esse
540 3122 569 3179 in
580 3141 680 3182 eorum
692 3122 807 3194 notitia3
821 3134 916 3182 tamen

760 3227 792 3272 2⁶
