2384 4052
348 435 594 487 CONFESSIONUM
612 435 706 486 LIBER
724 439 758 486 X.
879 438 928 490 297

175 537 355 614 accepimus,
371 536 422 595 sed
438 556 486 594 eas
505 537 567 614 ipse
582 539 694 596 animus
708 557 761 616 per
776 538 930 615 experien-

174 627 242 682 tiam
253 626 419 704 passionum
432 645 548 700 suarum
559 627 682 686 sentiens
696 627 842 686 memoriae
854 647 932 684 oom-

173 716 335 787 mendavit,
350 729 402 774 aut
420 717 483 794 ipsa
499 716 554 775 sibi
575 719 638 776 haee
661 718 750 776 etiam
769 738 828 776 non
849 737 931 775 com-

175 805 310 864 mendata
322 805 450 864 retinuit⁴
472 878 480 886 ι

440 960 572 1022 CAPUT
593 962 664 1026 XV.

335 1106 413 1158 Etiam
427 1123 480 1174 que
497 1107 586 1158 absunt
607 1106 767 1159 meminimus.

217 1249 265 1306 23.
287 1248 343 1309 Sed
364 1261 462 1307 utrum
483 1269 537 1326 per
553 1249 707 1327 imagines,
722 1269 759 1307 an
778 1271 849 1324 non,
866 1253 931 1330 quis

177 1339 261 1397 facile
285 1338 408 1404 dixerit?
427 1339 551 1397 Nomino
575 1340 685 1417 quippe
705 1340 849 1417 lapidem,
872 1361 929 1402 no-

177 1427 256 1485 mino
271 1429 378 1498 solem,
391 1447 458 1485 cum
469 1446 515 1496 res
528 1427 599 1504 ipsae
609 1447 668 1486 non
681 1427 786 1504 adsunt
799 1429 930 1504 sensibus

177 1516 266 1588 meis3
282 1517 313 1574 in
331 1516 470 1575 memoria
485 1535 553 1574 sane
573 1528 637 1574 mea
651 1528 756 1593 praesto
774 1529 841 1576 sunt
853 1519 929 1577 ima-

177 1607 258 1684 gines
283 1627 390 1664 earum.
410 1604 535 1664 Nomino
556 1604 687 1664 dolorem
713 1606 858 1682 corporis,
876 1627 930 1666 nec

177 1694 250 1752 mihi
264 1694 345 1752 adest
359 1695 428 1752 dum
440 1693 513 1751 nihil
525 1694 605 1752 dolet
610 1716 618 1766 3
632 1694 686 1752 nisi
706 1707 801 1752 tamen
818 1695 931 1754 adesset

177 1784 274 1860 imago
287 1783 349 1860 ejus
361 1785 391 1842 in
402 1787 542 1844 memoria
552 1802 630 1854 mea,
643 1784 784 1842 nescirem
794 1783 865 1859 quid
881 1783 929 1842 di-

179 1891 285 1943 cerem,
296 1892 349 1930 nee
366 1893 432 1930 eum
445 1874 476 1930 in
489 1872 663 1950 disputando
678 1892 695 1930 a
708 1873 857 1950 voiuptate
870 1868 929 1931 dis-

178 1963 482 2021 cernerem-Nomine
497 1965 618 2022 salutem
635 1963 767 2040 corporis·
783 1981 850 2021 cum
872 1963 930 2020 sal-

177 2069 232 2108 vus
245 2070 308 2108 sum
322 2071 466 2129 corpore:
483 2051 564 2110 adest
577 2050 648 2109 mihi
663 2051 781 2128 quidem
794 2071 840 2111 res
855 2051 930 2129 ipsa3

176 2153 375 2200 verumtamen
389 2143 444 2200 nisi
463 2154 493 2200 et
509 2143 605 2218 imago
619 2140 681 2218 ejus
698 2142 805 2200 inesset
817 2142 847 2199 in
868 2161 930 2200 me·

177 2232 270 2290 moria
287 2251 367 2303 mea,
382 2233 462 2291 nullo
485 2231 573 2290 modo
590 2231 760 2290 recordarer
779 2232 851 2308 quid
871 2232 929 2289 hu-

174 2320 223 2398 jus
242 2323 365 2380 nominis
383 2323 557 2398 significaret
571 2342 668 2380 sonus.
682 2327 742 2380 Neo
761 2335 929 2400 aegrotantes

177 2423 364 2488 agnoscerent
374 2412 466 2470 salute
475 2412 621 2470 nominata
631 2411 702 2488 quid
714 2423 788 2470 esset
799 2411 910 2470 dietum
918 2429 928 2483 ';

175 2502 231 2560 nisi
239 2501 341 2560 eadem
352 2501 448 2576 imago
456 2502 487 2558 vi
494 2489 639 2560 memoriae
651 2512 813 2572 teneretur,
824 2519 929 2576 quam·

176 2592 220 2648 vis
233 2591 296 2668 ipsa
311 2609 357 2647 res
372 2589 484 2648 abesset
498 2610 516 2649 a
534 2610 667 2669 corporeo
688 2589 819 2648 Nomine·
828 2607 932 2646 nume-

177 2697 226 2736 ros
242 2678 349 2756 quibus
362 2698 563 2752 numeramus,
579 2692 609 2738 et
626 2679 732 2738 adsunt
745 2679 776 2734 in
792 2677 932 2736 memoria

179 2788 243 2826 mea
264 2790 322 2827 non
345 2769 485 2848 imagines
505 2791 623 2842 eorum,
645 2770 696 2830 sed
718 2767 784 2846 ipsi.
807 2767 932 2826 Nomino

178 2858 332 2933 imaginem
346 2859 429 2931 solis,
441 2871 470 2917 et
483 2859 545 2918 haeo
558 2859 640 2919 adest
650 2861 681 2919 in
695 2857 835 2921 memoria
846 2875 930 2914 mea:

177 2966 273 3024 neque
289 2947 364 3006 enim
377 2948 530 3026 imaginem
544 2949 676 3026 imaginis
687 2947 764 3026 ejus,
776 2947 827 3006 sed
837 2946 931 3023 ipsam

176 3039 293 3110 recolo;
305 3038 368 3115 ipsa
382 3039 455 3098 mihi
468 3027 663 3100 reminiscenii
680 3050 787 3116 praesto
801 3049 853 3096 est.
868 3041 930 3095 No-

178 3127 257 3188 mino
270 3128 453 3203 memoriam,
467 3142 497 3189 et
514 3149 638 3208 agnosco
653 3128 734 3206 quod
751 3128 878 3188 nomino.
895 3129 932 3182 Et
