2326 4020
314 523 566 579 coususstouuut
585 524 679 573 LIBER
698 525 731 572 11.
872 529 904 576 49

417 681 551 742 CAPUT
573 682 630 743 lv.

268 843 374 888 Furtum
388 851 444 886 oum
457 836 582 888 sodalibus
597 847 770 904 perpetratum.

184 981 211 1036 9.
231 982 352 1037 Furtum
369 989 448 1036 certe
468 977 560 1055 punit.
569 978 617 1036 lex
635 991 702 1052 tua,
717 979 858 1056 Domine,
872 998 900 1042 et

142 1071 189 1128 lex
209 1069 317 1148 scripta
341 1068 372 1126 in
397 1067 536 1138 cordibus
563 1069 729 1142 hominum,
749 1091 836 1150 quam
862 1096 899 1133 ne

138 1161 199 1238 ipsa
209 1160 331 1237 quidem
344 1153 422 1218 delet
431 1151 576 1236 iniquitas
585 1159 655 1236 Quis
667 1161 743 1220 enim
758 1164 806 1221 sur
815 1183 899 1244 aequo

138 1251 234 1311 animo
258 1250 354 1308 furem
370 1249 503 1327 patitur?
521 1256 580 1316 Nee
607 1251 741 1328 copiosus
764 1253 897 1314 adactum

137 1340 245 1418 inopia.
255 1343 293 1396 Et
307 1357 361 1416 ego
376 1339 487 1396 furtum
497 1339 592 1398 facere
604 1340 684 1410 volui
698 1353 726 1399 et
736 1343 807 1414 leci,
817 1345 897 1404 nulla

138 1431 311 1508 compulsus
330 1442 455 1508 egestate
475 1447 529 1486 nec
551 1429 689 1507 penuria,
708 1430 759 1488 sed
781 1433 896 1492 fastidio

132 1521 252 1596 justitiae
262 1520 292 1592 *‚
307 1532 337 1578 et
353 1519 452 1597 sagina
467 1519 636 1596 iniquitatis.
649 1523 722 1578 Nam
738 1520 769 1578 id
784 1522 895 1580 furatus

134 1631 198 1670 sum
222 1610 312 1689 quod,
326 1609 598 1685 mihinbundebat‚
614 1623 643 1668 et
659 1611 752 1686 multo
770 1613 893 1671 melius:

133 1723 188 1762 nec
202 1721 238 1760 ea
250 1722 283 1762 re
295 1700 431 1760 volebam
440 1701 499 1759 srui
512 1695 691 1778 quamfurto
706 1703 895 1777 appetebam;

134 1791 185 1850 sed
203 1791 270 1870 ipso
288 1792 367 1850 furto
381 1804 410 1850 et
430 1804 560 1869 peccato.
581 1788 678 1848 Arbor
693 1802 755 1846 erat
768 1791 849 1866 pirus
863 1795 893 1848 in

133 1882 242 1943 vicinia
254 1882 349 1940 vineae
368 1894 473 1940 nostrae
488 1881 583 1959 pomis
602 1890 721 1948 onusta,
734 1897 787 1936 nec
802 1877 894 1940 forma

132 1992 187 2030 nec
207 1989 313 2050 sapore
331 1970 518 2030 illecebrosis.
530 1968 576 2028 Ad
594 1965 670 2026 hanc
691 1967 893 2046 excutiendam

132 2060 469 2139 atque-asportandam,
491 2056 658 2136 nequissimi
682 2057 890 2122 adolescentuli
930 2115 932 2119 ,

129 2149 311 2226 perreximus
340 2161 425 2207 nocte
453 2149 638 2225 intempesta,
667 2139 821 2227 quousque
842 2150 891 2207 lu-

131 2239 204 2298 dum
222 2239 259 2298 de
278 2237 449 2316 pestilentiae
467 2255 549 2294 more
565 2235 595 2292 in
613 2235 686 2294 areis
705 2235 889 2313 produxera—

131 2347 209 2402 mus3
230 2341 260 2388 et
280 2327 453 2406 abstulimus
476 2325 544 2404 inde
564 2344 653 2384 onera
671 2325 810 2404 ingentia,
829 2348 889 2388 non

130 2419 168 2476 ad
180 2430 295 2477 nostras
308 2416 426 2494 epulas,
445 2414 497 2474 sed
516 2412 757 2494 ¹velprojiciendu
771 2417 887 2494 porcis,

129 2507 242 2566 etiamsi
262 2505 373 2584 aliquid
396 2504 464 2563 inde
486 2504 679 2576 comedimus3
701 2505 771 2563 dum
791 2519 888 2566 tamen

129 2598 212 2656 lieret
231 2617 250 2655 a
265 2595 350 2655 nobis
368 2595 448 2672 quod
466 2613 501 2652 eo
515 2593 620 2652 liberet
633 2614 692 2671 quo
704 2615 762 2653 non
776 2596 884 2655 liceret.

129 2689 202 2746 Ecce
222 2707 274 2746 cor
295 2705 408 2756 meum,
425 2689 522 2756 Deus,
536 2704 604 2743 ecce
614 2704 675 2742 ,cor
692 2705 789 2743 meum
805 2677 886 2762 quod

130 2776 281 2836 miseratus
295 2794 325 2834 cs
340 2773 445 2855 inimo
455 2773 560 2852 abyssi.
568 2774 654 2832 Dicat
665 2772 718 2832 tibi
730 2793 807 2831 nunc
817 2795 886 2848 ecce·

129 2885 177 2923 cor
193 2885 292 2924 meum
308 2863 380 2943 quid
395 2862 438 2921 ibi
453 2863 616 2940 quaerebat,
637 2875 670 2920 ut
690 2883 781 2922 essem
795 2868 883 2944 gratis

129 2957 234 3028 malus,
252 2953 419 3034 eumalitiae
439 2973 508 3022 meae
530 2972 616 3012 causa
635 2954 714 3012 nulla
732 2968 806 3013 esset
827 2956 883 3014 nisi

129 3046 247 3105 malitia.
262 3044 352 3124 Foede
363 3057 438 3124 eret,
452 3057 482 3102 et
498 3043 594 3102 amavi
609 3062 689 3115 cam;
703 3045 797 3108 amavi
811 3064 881 3122 per-

126 3135 188 3194 ire:
202 3134 297 3194 amavi
311 3133 457 3208 delectum
469 3152 581 3204 meum;
592 3153 650 3190 non
661 3133 734 3191 illud
748 3133 785 3193 ad
799 3132 879 3211 quod

128 3224 310 3297 deficiebam,
320 3223 371 3284 sed
383 3224 528 3282 defectum
542 3241 638 3282 meum
651 3224 747 3301 ipsum
762 3224 856 3311 amari
870 3243 878 3277 ε

756 3330 770 3372 5
