2394 4010
242 423 293 468 296
429 421 454 468 S.
472 421 653 472 AUGUSTINI
670 424 813 474 Ertscoet

241 521 386 579 Nimirum
397 540 466 599 ergo
476 524 615 580 memoria
627 525 710 601 quasi
725 537 827 583 venter
841 535 884 581 est
898 525 998 596 animi,

242 610 342 668 laetitia
353 630 424 669 vero
440 625 528 690 atque
546 615 661 672 tristitia
675 615 757 692 quasi
772 615 855 672 cibus
867 615 959 673 dulcis
970 629 999 672 et

243 721 357 760 amarus
380 723 387 758 ε
407 724 474 762 cum
494 706 641 764 memoriae
659 704 900 764 commendantur
915 707 999 782 quasi

243 791 364 869 trajecta
388 793 416 850 in
433 807 567 876 ventrem
582 796 702 856 recondi
723 794 784 853 illic
799 807 934 871 possunt,
950 815 998 852 sa-

243 903 313 960 pere
330 905 388 942 non
402 900 533 962 possunt.
546 887 715 945 Ridiculum
728 899 771 944 est
779 886 841 944 haec
852 885 909 944 illis
923 886 1000 943 simi-

243 973 282 1030 lia
295 986 414 1050 putare‚
429 995 483 1033 nec
500 989 595 1033 tamen
610 987 678 1034 sunt
695 974 863 1033 omnimodo
879 973 1000 1032 dissimi-

244 1063 291 1120 lia.

285 1152 332 1211 22.
347 1155 403 1212 Sed
418 1175 485 1214 ecce
500 1155 536 1213 de
548 1157 689 1215 memoria
700 1157 834 1235 profero,
848 1175 915 1213 cum
934 1154 1001 1213 dico

245 1258 371 1321 quatuor
391 1265 452 1304 esse
475 1248 710 1323 perturbationes
729 1248 831 1319 animi3
854 1247 1001 1325 cupidita-

246 1349 321 1406 tem,
336 1337 481 1408 laetitiam,
495 1350 622 1408 metum,
637 1337 800 1396 tristitiam:
815 1349 844 1394 ct
857 1335 1001 1414 quidquid

247 1423 283 1481 de
307 1424 352 1482 his
376 1424 524 1503 disputare
548 1440 689 1503 potuero,
710 1423 869 1484 dividendo
890 1424 1001 1500 singula

246 1534 300 1592 per
315 1516 424 1592 species
440 1518 485 1574 sui
497 1517 639 1595 cujusque
652 1518 765 1595 generis
779 1529 809 1574 et
824 1515 1001 1587 definiendo;

245 1604 288 1662 ibi
309 1605 426 1664 invenio
442 1608 513 1684 qnid
537 1608 647 1679 dicam,
665 1619 752 1683 atque
772 1605 840 1664 inde
857 1604 999 1683 profero:

248 1714 301 1753 nee
313 1707 409 1754 tamen
420 1699 480 1754 ulla
493 1717 593 1754 earum
604 1694 822 1775 perturbatione
834 1691 1003 1772 perturbor,

178 1808 181 1812 ¹
249 1803 313 1842 cum
334 1804 382 1842 eas
400 1786 611 1844 reminiscendo
634 1803 843 1855 commemoro;
869 1794 897 1840 et
918 1792 1002 1840 ante-

249 1892 336 1948 quam
351 1877 549 1934 recolerentur
563 1897 580 1934 a
593 1894 640 1932 me
656 1886 686 1931 et
704 1884 943 1943 retractarentur,
952 1867 1002 1930 ¹ibi

249 1975 343 2033 er·ant;
365 1977 520 2041 propterea
543 1965 611 2021 inde
630 1983 683 2040 per
702 1961 930 2020 recordationem
951 1981 1002 2039 pc-

249 2065 331 2110 tuere
345 2051 486 2130 depromi.
502 2058 589 2110 Forte
603 2073 690 2130 ergo,
706 2054 781 2110 sicut
795 2052 831 2110 de
842 2063 944 2109 ventre
958 2052 1003 2110 ci-

249 2139 304 2198 bus
314 2141 495 2213 ruminando,
508 2143 550 2199 sic
560 2143 614 2200 ista
624 2141 661 2199 de
672 2142 811 2201 memoria
819 2139 1001 2200 recordando

249 2233 447 2309 proferuntur.
461 2235 520 2288 Cur
533 2231 622 2307 igitur
640 2233 671 2288 in
685 2251 735 2289 ore
748 2230 929 2308 cogitationis
943 2249 1003 2287 non

250 2321 401 2378 sentitura
424 2319 603 2398 disputante,
620 2321 676 2378 boc
693 2333 736 2379 est
754 2340 771 2378 a
787 2319 1003 2392 reminiscente,

249 2410 354 2469 laetitiae
369 2410 494 2468 dulcedo
504 2413 555 2468 vel·
565 2411 729 2469 amaritudo
743 2411 905 2470 moestitiaei'
915 2415 961 2469 An
971 2412 1003 2468 in

249 2500 307 2558 hoc
319 2500 457 2560 dissimile
467 2515 520 2572 est,
532 2502 613 2579 quod
627 2522 685 2560 non
699 2502 829 2580 undique
838 2503 931 2561 simile
942 2503 1003 2560 est?

251 2592 322 2665 Quis
338 2593 414 2651 enim
430 2593 496 2650 talia
517 2595 617 2651 volens
636 2595 820 2671 loqueretur,
843 2593 866 2650 si
889 2593 1004 2669 quoties

250 2681 394 2739 tristitiam
408 2695 554 2741 metumve
571 2685 766 2752 nominamus,
781 2682 864 2740 toties
881 2701 1004 2740 moerere
1083 2705 1088 2714 ¹

249 2772 296 2828 vel
308 2773 411 2830 timere
421 2777 612 2850 cogeremur?
623 2779 659 2831 Et
673 2787 769 2832 tamen
782 2791 842 2830 non
857 2791 891 2830 ea
906 2773 1005 2849 loque·

249 2880 364 2933 remur,
378 2863 433 2920 nisi
450 2866 480 2921 in
493 2865 634 2922 memoria
645 2870 744 2921 nostra
755 2881 814 2920 non
831 2873 944 2920 tantum
957 2881 1006 2920 so-

250 2971 302 3010 nos
324 2954 476 3012 nominum
500 2957 660 3013 secundum
688 2954 826 3032 imagines
852 2953 1006 3031 impressas

250 3034 382 3101 sensibus
396 3046 564 3121 corporis*;
584 3045 635 3104 sed
654 3044 740 3124 etium
761 3063 860 3102 rerum
875 3044 1005 3120 ipsarum

250 3132 381 3192 notiones
399 3134 611 3207 inveniremus,
627 3153 698 3211 quas
715 3135 795 3192 nulla
805 3133 895 3211 janua
909 3130 1005 3192 carnis
