2316 4020
259 434 307 480 llil
442 434 467 482 S.
487 431 668 483 AUGUSTINI
685 435 825 486 Erlscoer

254 536 329 592 Ecce
345 539 441 608 pietas
460 548 489 590 et
501 539 675 609 saptentia13
699 553 787 612 quam
807 534 857 593 ille
877 535 1012 613 ignorare

254 629 368 700 posset,
383 623 495 682 etiamsi
510 623 566 681 ista
581 623 711 701 perfecte
724 639 822 684 nosset
842 646 853 682 r·
868 624 923 684 ista
940 643 1012 684 vero

254 713 395 788 quianon
408 725 543 785 noverat,
557 712 806 790 impudentissime
830 715 940 773 audens
958 715 1012 773 do-

253 820 333 874 oere,
347 821 467 880 prorsus
485 803 567 860 illem·
587 822 672 861 nosse
695 822 754 860 non
768 815 874 882 posset.
894 802 1011 863 Vanitas

253 904 296 949 est
314 893 392 950 enim
411 891 558 950 mundana
580 892 636 950 ista
658 892 745 950 etiam
767 906 839 952 note·
859 893 1012 972 profiteri,

253 982 346 1060 pietas
364 983 461 1042 autem
483 981 538 1041 tihi
553 983 697 1041 confiteri.
723 984 810 1042 Unde
825 985 875 1044 ille
889 984 1010 1055 devius,

253 1071 290 1129 ad
302 1071 380 1130 hoo*
397 1073 452 1130 ista
465 1072 588 1147 multum
601 1073 715 1130 locutus
734 1075 794 1145 est',
812 1086 846 1132 ut
860 1074 1011 1132 convictus

253 1159 290 1220 ab
307 1161 351 1220 eis'
365 1163 417 1240 qui
431 1162 567 1222 istuvere
581 1161 763 1235 didicissent,
778 1163 843 1240 quis
858 1168 932 1222 esset
947 1162 1011 1241 ejus

252 1272 351 1312 sensus
364 1254 394 1311 in
408 1254 519 1312 caeteris
529 1273 593 1331 quae
608 1252 754 1312 abditiora
764 1265 847 1326 sunt,
859 1255 1010 1314 manifeste
1069 1249 1074 1256 ’

252 1357 481 1423 cognosceretur.
508 1351 573 1404 Non
592 1343 670 1401 enim
691 1339 776 1422 parvi
797 1345 955 1403 existimari
978 1365 1010 1404 se

251 1434 362 1505 voluit,
383 1433 435 1492 sed
451 1433 591 1510 Spiritum
605 1445 737 1491 sanctum
753 1433 964 1492 consolatorem
979 1447 1010 1493 et

252 1520 407 1583 ditatorem
416 1524 546 1582 fidelium
557 1534 684 1595 tuorum,
695 1524 867 1582 auctoritate
877 1524 1010 1600 plenaria

251 1616 442 1694 personaliter
457 1615 487 1672 in
502 1633 532 1672 se
548 1632 610 1670 esse
624 1613 801 1690 persuadere
820 1627 940 1672 conatus
954 1628 1006 1674 est.

250 1710 366 1784 Itaque,
387 1726 453 1764 cum
468 1705 511 1763 de·
524 1706 598 1776 coslo
614 1723 647 1761 ac
661 1704 765 1778 stellis,
778 1704 815 1763 'et
835 1705 871 1764 de
890 1705 959 1764 solis
975 1726 1008 1766 ac

251 1797 327 1855 lunae
349 1795 476 1854 motibus
494 1795 568 1853 falsa-
585 1793 696 1872 'dixisse
720 1793 1008 1872 deprehenderetur,

251 1887 383 1965 quumvis
399 1886 437 1944 ad
448 1885 609 1943 doctrinam
625 1883 772 1960 religionis
790 1885 846 1943 ista
862 1887 921 1944 no'n
939 1905 1010 1963 per-

251 1978 375 2050 tineant,
386 1990 482 2036 tamen
496 1995 581 2034 ausus
596 1973 658 2052 ejus
673 1975 827 2054 sacrilegos
839 1976 926 2035 fuisse
939 1978 1008 2036 satis

251 2069 406 2139 emineret3
416 2085 481 2124 cum
490 2083 524 2122 ea
534 2083 591 2121 non
602 2064 696 2121 solnm
706 2064 850 2142 ignorata,
860 2065 1008 2126 sedetiam

250 2157 337 2229 falsa,
349 2154 430 2214 tam*
450 2172 556 2212 vesana
574 2151 719 2228 superbire
737 2155 864 2212 vanitate
882 2153 1008 2227 diceret,

250 2258 283 2304 ut
305 2265 340 2305 ea
363 2257 500 2321 tanquam
518 2243 625 2302 divinae
648 2262 779 2321 personae
795 2244 929 2304 tribuere
951 2244 1009 2304 sibi

250 2336 401 2394 niteretur.

289 2425 318 2483 9.
331 2428 403 2485 Cum
415 2424 493 2483 enim
507 2421 595 2483 audio
607 2421 797 2483 christianum
811 2425 937 2504 aliquem
952 2427 1011 2486 lra-

250 2527 339 2588 trem,
348 2514 430 2573 illum
440 2525 491 2572 aut
503 2513 601 2586 illum,
615 2513 671 2572 ista
682 2514 872 2587 nescientem,
886 2527 916 2572 et
927 2515 1008 2573 aliud

248 2625 303 2683 pro
319 2605 376 2664 alio
396 2604 583 2677 sentientem,
596 2604 740 2682 patienter
757 2605 873 2664 intueor
885 2605 1009 2684 opinan-

248 2708 307 2755 tem
327 2695 473 2754 hominem
483 2717 492 2769 ;
510 2715 564 2754 nec
583 2695 626 2770 illi
642 2693 744 2754 obesse
762 2695 865 2769 video,
882 2715 949 2754 cum
969 2693 1007 2754 de

248 2799 293 2860 te,
307 2787 432 2846 Domine
446 2798 560 2846 creator
575 2786 723 2859 omnium,
733 2806 792 2846 non
809 2785 910 2846 credat
927 2784 1006 2845 indi-

247 2877 354 2954 gna,si
368 2877 443 2936 forte
459 2877 531 2936 situs
547 2876 577 2936 ct
588 2876 705 2936 habitus
719 2889 861 2942 creaturae
871 2895 1008 2954 corpora·

246 2968 282 3027 lis
300 2967 423 3046 ignoret.
442 2966 532 3026 Obest
550 2980 647 3026 autem
667 2967 764 3033 sihoc
783 2967 822 3028 ad
839 2967 932 3046 ipsam
948 2965 1007 3033 doz

283 3163 292 3189 ¹
306 3155 353 3208 Job
364 3171 455 3216 xxvio,
466 3159 513 3216 28,
526 3170 573 3206 sec.
586 3159 666 3207 Lxx.
