2316 4020
315 505 564 566 commutatatum
582 507 676 566 amaa
695 519 739 566 av.
870 507 906 567 'aa

412 675 545 737 CAPUT
565 675 641 737 XII.
680 693 682 698 ’

182 837 257 884 Amor
268 845 320 882 noa
337 831 498 900 improbatur,
516 829 588 881 modo
607 831 634 881 in
647 829 753 898 hisque
766 833 875 902 placent,

426 929 534 962 amemus
548 917 635 963 Deum.
678 937 680 944 v

196 1066 241 1123 18.
256 1065 287 1124 si
299 1059 544 1143 p'laoeut'animaej
558 1067 589 1126 iu
600 1071 665 1124 Deo
676 1079 809 1126 amentur
820 1090 828 1124 ε
841 1069 909 1146 quia

116 1200 118 1204 .
154 1168 183 1213 et
201 1156 272 1232 ipsae
294 1153 448 1213 mutabiles
466 1166 557 1227 suut,'
570 1167 599 1214 et
618 1157 648 1214 in
668 1155 718 1214 illo
736 1157 800 1216 fixae
821 1157 911 1216 stabi-

152 1244 267 1301 liuntur
275 1265 285 1314 3
302 1243 520 1320 alioquiu‘irent
533 1255 563 1302 et
574 1245 713 1322 perirent.
733 1248 766 1304 Iu
777 1245 828 1304 illo
842 1267 911 1325 ergo

154 1344 304 1403 amentum
320 1345 350 1390 at
360 1351 431 1410 rapa
446 1333 483 1390 ad
495 1350 562 1391 eum
577 1339 673 1394 te'cum
687 1355 759 1412 quas
772 1344 868 1414 potes,
883 1349 913 1395 et

155 1422 204 1482 dic
226 1423 268 1482 eis
287 1443 295 1479 t
313 1423 561 1495 Hunc'amemus,
582 1423 659 1482 huno
681 1445 825 1498 amemus3
850 1428 922 1503 ipse'

155 1513 228 1572 fecit
239 1513 318 1585 haec,
335 1526 365 1572 et
376 1533 435 1572 non
451 1524 494 1572 ast
509 1515 605 1591 longe.
620 1521 684 1574 Nou
699 1515 775 1573 enim
791 1517 860 1573 fecit
873 1529 924 1596 ³⁸1

157 1624 216 1682 que
237 1602 326 1676 abiit,
339 1603 397 1662 aad
418 1601 523 1662 ‘ouillo
536 1605 642 1663 ‘imillo
664 1617 740 1663 sunt.
766 1609 840 1664 Ecce
863 1605 914 1665 ubi

159 1705 203 1752 est
213 1693 236 1765 *,
254 1692 399 1772 ubi‘sapit
411 1693 527 1751 veritas.
549 1693 673 1751 Intimus
687 1693 769 1750 cordi
781 1703 841 1764 e'st3
864 1695 924 1752 sad¹

159 1803 212 1842 cor
226 1784 335 1842 erravit
348 1784 385 1842 ab
402 1805 445 1844 eo.
467 1783 584 1856 Redite,
606 1783 860 1861 praevaricatores,
878 1785 915 1842 ad

160 1893 228 1949 cor,
248 1885 278 1933 et
294 1874 432 1934 inhaerete
449 1875 492 1932 illi
510 1875 561 1952 qui
580 1875 648 1932 fecit
664 1893 725 1931 vos.
749 1875 828 1932 State
849 1894 914 1933 oum

160 1983 207 2036 eo,
223 1976 253 2024 et
266 1964 399 2024 stabitis:
415 1965 587 2042 requiescite
601 1965 630 2022 iu
645 1984 696 2036 eo,
714 1977 743 2022 et
754 1965 845 2041 quieti
859 1965 918 2024 eri-

161 2055 208 2113 tis.
225 2060 292 2130 Quo
304 2055 353 2114 itis
367 2057 399 2114 in
413 2058 538 2134 aspera?
556 2075 615 2133 quo
626 2055 696 2113 itis?
714 2059 826 2114 Bonum
838 2055 919 2133 quod

162 2145 280 2218 amatis,
292 2144 330 2204 ab
347 2147 397 2204 illo
414 2159 457 2205 est
470 2168 477 2204 ε
491 2146 542 2204 sed
557 2159 696 2224 quantum
714 2145 810 2205 est'ad
827 2145 920 2216 illum,

161 2235 275 2296 bouum
296 2249 339 2296 est
358 2249 387 2295 et
406 2257 514 2310 suav=e3
534 2237 584 2296 sed
606 2257 736 2300 amarum
757 2237 813 2295 erit
830 2235 919 2314 juste,

162 2327 233 2406 quia
249 2325 357 2404 injuste
369 2335 488 2388 :amatur
500 2327 616 2386 deserto
631 2327 697 2399 illo,
718 2326 862 2404 quidquid
881 2324 919 2383 ab

162 2419 217 2477 illo
233 2421 295 2476 esti
306 2417 372 2493 Quo
390 2418 474 2478 vobis
488 2411 595 2477 adh'uo'¹
605 2411 635 2476 et
654 2417 750 2476 adhuc
769 2416 920 2475 ¹ambulare

163 2505 379 2568 viaa‘diffioilas'
400 2522 430 2568 et
447 2509 628 2581 laboriosas?
656 2515 719 2570 Nou
743 2521 787 2566 est
807 2507 921 2584 r'eq'uies

163 2597 218 2658 ubi
232 2598 362 2674 quaeritis
379 2604 451 2657 eam'.
468 2600 598 2676 'Quaerite
612 2598 692 2676 quod
706 2595 855 2675 quaeritis:
870 2597 920 2654 sed

163 2686 209 2746 ibi
225 2706 284 2745 non
298 2687 410 2746 eat'ubi
424 2691 561 2766 quaeritis.
580 2694 697 2746 Beatam
712 2681 802 2743 vitam
815 2687 922 2760 quaeri-

165 2779 204 2837 tis
219 2779 250 2836 in
266 2780 384 2856 regione
403 2782 520 2853 mortis;
540 2799 599 2837 non
618 2787 662 2835 est
676 2775 745 2833 illio.
770 2775 924 2849 Quomodo

166 2870 245 2928 euim
259 2870 345 2929 beata
357 2870 432 2944 vita,
448 2870 500 2929 ubi
514 2891 568 2929 nec
580 2869 662 2927 vita?

211 2958 257 3016 19.
274 2963 311 3018 Et
323 2960 472 3020 descendit
486 2963 544 3019 huc
556 2962 620 3038 ipsa
633 2958 699 3042 Vita
714 2970 826 3031 nostra,
838 2971 867 3016 et
882 2951 927 3015 tu·

167 3049 203 3106 lit
221 3062 344 3109 mortem
363 3056 490 3110 nostram
500 3063 512 3123 ,⁴
529 3063 559 3110 ot
579 3049 686 3109 occidit
702 3067 765 3107 eam
779 3047 816 3106 de
829 3046 926 3106 abun-

169 3139 269 3200 dantia
284 3141 352 3201 vitae
369 3162 445 3200 suaa:
460 3155 490 3201 at
504 3142 598 3201 tonuit
610 3143 753 3211 clamans,
777 3150 810 3195 ut
823 3137 928 3195 redea-

170 3248 235 3288 mus
261 3231 331 3290 hiuc
360 3233 398 3291 ad
417 3253 491 3312 ,aum
517 3232 548 3290 in
575 3231 649 3290 illud
677 3239 822 3288 secretum
849 3224 928 3284 unde
