2354 4034
491 473 602 522 INDEX.
870 479 918 524 5³7

871 552 919 591 l‘a.

166 618 198 663 V.
218 609 324 662 Trinitas
345 610 386 675 qui
411 615 477 662 Deua
497 621 543 672 est,
562 627 593 661 ex
610 611 694 678 primis
710 611 788 663 verbis
803 616 849 664 Go-
900 563 912 604 z

201 709 285 744 naseos
302 691 451 758 intelligitur.
869 699 917 744 431

166 779 210 823 vt.
222 777 272 825 Cur
285 772 362 823 dictus
373 783 410 823 est
418 771 521 840 Spiritus
532 771 662 840 superferri
675 787 749 840 super
759 788 840 838 aquina.
869 778 920 823 4³2

166 857 222 902 VII.
241 852 346 901 Effectus
367 851 470 918 Spiritus
490 850 574 900 sancti.
871 854 919 900 433

167 938 235 982 VIII.
246 933 402 984 intellectuali
413 941 529 983 creaturae
541 932 572 982 ad
581 932 677 982 beatam
686 931 851 998 requiemnon

203 1013 290 1063 suflicit
302 1013 419 1079 quidquid
434 1017 487 1063 Deo
502 1013 582 1062 minus
599 1021 644 1062 est.
719 1049 721 1054 ,
870 1017 921 1063 434

168 1097 213 1143 IX.
233 1097 283 1144 Cur
299 1095 363 1143 solus
381 1094 483 1161 Spiritus
499 1101 594 1144 sanctus
610 1093 851 1161 superferebatursu-

203 1189 247 1238 per
256 1189 337 1238 aquas.
872 1179 921 1224 435

168 1258 202 1302 X.
215 1259 251 1302 Ex
261 1255 325 1304 dono
336 1253 382 1303 Dei
393 1253 491 1304 omnia.⁴
872 1257 921 1303 437

168 1339 213 1384 XI.
223 1336 334 1401 Symbola
344 1334 468 1384 Trinitatis
483 1334 508 1383 in
518 1333 625 1390 homine.
888 1331 922 1382 td.

168 1418 225 1462 IIII.
244 1414 333 1464 Mundi
354 1415 442 1464 creatio
463 1414 630 1464 formationem
648 1413 759 1464 Ecclesiae
777 1414 854 1479 praefi·

206 1504 282 1558 gurat.
666 1531 669 1536 .
872 1497 922 1543 438

170 1577 240 1623 XIII.
265 1574 397 1624 Iteuovatio
413 1573 519 1624 hominia
535 1572 594 1622 dnm
611 1571 654 1622 lric
675 1572 733 1622 vivit
746 1571 854 1622 nondum

204 1655 317 1721 perlecta.
872 1655 922 1700 439

170 1738 240 1783 xlv.
255 1735 313 1785 Fide
326 1745 350 1785 et
363 1751 405 1802 spe
417 1733 607 1784 corroboramur.
873 1735 921 1783 441

170 1819 227 1864 XV.
242 1816 361 1882 Explanat
379 1813 408 1873 Ji.
429 1822 453 1864 e.
472 1820 551 1880 capt
572 1819 635 1864 Gen.
653 1813 708 1862 Fiat
714 1814 854 1886 firmamep-

207 1905 255 1942 tum
275 1905 320 1946 etc.
339 1895 404 1960 Quid
429 1895 622 1954 firmamentum,
642 1892 700 1958 quid
720 1891 855 1960 superiores

207 1993 283 2042 aquae.
873 1977 924 2022 443

172 2061 241 2106 IIVI.
257 2057 325 2105 Solus
343 2060 409 2105 Deus
424 2072 450 2106 se
464 2055 510 2104 scit
523 2054 621 2104 omnino
637 2053 708 2104 sicuti
720 2061 766 2104 est.
874 2056 923 2102 445

92 2189 94 2194 ,
173 2141 252 2185 xvn.
271 2141 300 2185 In
316 2133 345 2194 ri.
356 2141 390 2186 9:
404 2137 586 2201 Congregentur
602 2151 681 2204 aque,
692 2133 759 2198 Quid
779 2149 855 2194 mue,

207 2216 266 2281 quid
289 2216 363 2267 arida.
381 2216 522 2284 Explicatur
538 2213 568 2275 Ji.
592 2220 618 2265 ll
641 2233 647 2266 :
667 2215 789 2265 Germinct
810 2221 856 2263 ter·

209 2313 236 2343 ra
255 2304 301 2345 etc.
875 2299 925 2345 445

171 2381 266 2426 XVIII.
280 2381 310 2426 In
320 2372 352 2434 ir.
369 2380 398 2424 14
415 2393 421 2425 :
435 2377 509 2424 Fiant
518 2373 650 2424 luminario
660 2384 707 2426 etc.
717 2378 778 2440 Quae
788 2374 856 2424 lumi·

208 2457 277 2507 uaria
288 2456 419 2506 dividentia
433 2456 574 2506 interdieta
586 2465 611 2506 et
624 2465 727 2506 noctem.
875 2460 925 2506 448

174 2541 244 2586 xnt.
258 2540 358 2586 Tractat
374 2537 485 2586 eumdem
496 2537 654 2595 versiculum,
669 2537 742 2585 Fiant
755 2533 857 2584 lumina·

209 2618 245 2666 ria
259 2625 306 2666 etc.
876 2617 927 2664 450

173 2702 232 2749 XX.
243 2703 272 2748 In
280 2692 311 2754 ὶι.
326 2700 359 2745 20
371 2712 377 2746 ε
389 2694 529 2747 Producant
542 2715 611 2768 oquoe
621 2705 668 2748 elo.
681 2700 742 2760 Quoe
755 2693 857 2760 reptilia,

209 2794 262 2843 quie
275 2776 390 2826 volatilia.
876 2780 926 2826 452

174 2861 245 2906 xxt.
256 2861 286 2905 In
294 2853 325 2913 Ji.
338 2860 370 2906 24
383 2873 390 2906 :
402 2855 594 2907 Producotterra
603 2859 707 2907 animam
717 2857 799 2906 etlam
810 2865 856 2906 etc.
876 2861 927 2907 454
970 2879 973 2888 ¹

175 2940 257 2986 ΠΗ.
277 2942 307 2984 ln
323 2934 352 2994 tl.
367 2943 399 2986 26
418 2938 567 3009 :Faciamus
587 2939 703 2988 hominem
719 2935 754 2986 od
773 2937 858 3004 imagi·

212 3033 264 3064 rtem
280 3024 325 3067 ete.
337 3018 469 3068 Renovatio
481 3019 576 3069 mentis.
877 3021 927 3068 458

177 3099 270 3148 xxm.
282 3100 312 3144 In
323 3097 433 3147 eumdem
446 3099 590 3150 uersiculum
601 3116 608 3150 :
621 3103 655 3151 Et
660 3098 747 3170 proeait
752 3097 858 3169 pa'scibus

212 3177 285 3225 moris
299 3187 345 3228 ete.
356 3183 392 3228 De
409 3181 496 3246 quibus
513 3181 657 3234 christianus
668 3181 767 3249 judicet.
876 3184 927 3231 459
