2352 4094
320 418 571 470 counnssrortum
589 420 684 473 uana
702 421 760 473 xu.
869 423 919 472 aar
1002 483 1006 488 ἡ

161 543 227 583 nem
248 521 364 601 imperii
381 523 424 580 tui
438 523 484 580 vel
502 523 531 580 in
544 523 641 601 primo
654 526 701 584 vel
719 526 749 584 in
768 526 837 584 imo.
857 527 920 583 Hoc

162 615 192 671 iu
209 624 366 692 conspeetu
383 624 433 673 tuo
452 611 543 671 claret
556 613 644 686 mihi,
664 627 693 672 et
708 615 798 693 magis
812 613 920 692 magis-

163 723 220 781 que
237 704 395 774 claresoat5
407 720 461 760 oro
481 714 525 774 te,
546 713 634 780 atque
654 703 735 763 inea
751 703 920 764 manifesta-

164 795 242 852 tione
266 795 418 872 persistam
443 791 559 852 sobrius
581 793 636 852 sub
659 795 712 854 alis
732 795 799 856 tuis.

208 883 253 940 12.
269 887 342 942 Item
355 883 453 942 dixisti
463 883 536 942 mihi
549 887 624 943 vo‘oe
637 884 707 944 lorti
716 886 748 945 iu
762 905 863 945 aurem
876 885 921 943 in-
958 949 960 953 ,

166 975 315 1048 teriorem,
332 975 412 1053 quod
426 993 480 1034 nec
493 975 543 1034 illa
559 988 692 1035 creatura
708 977 763 1036 tibi
777 987 922 1035 coaeterna

165 1077 224 1144 est,
243 1063 328 1142 cujus
341 1066 475 1140 voluntas
488 1064 502 1094 *
517 1079 550 1124 tu
564 1068 642 1126 solus
659 1086 705 1140 es,
724 1075 810 1145 teque
825 1067 923 1145 perse·

163 1155 363 1215 vetantissima
376 1157 507 1216 castitate
523 1157 676 1229 hauriens,
696 1155 922 1216 mutabilitatem

164 1266 246 1305 suam
262 1265 412 1325 nunquam
427 1259 456 1306 et
474 1267 619 1326 nusquam
632 1248 754 1320 exserit,
768 1260 798 1306 et
823 1259 851 1304 te
864 1243 924 1304 sibi

163 1355 278 1415 semper
289 1349 431 1415 praesente
440 1335 477 1395 ad
488 1357 575 1416 quem
588 1351 649 1398 toto
661 1338 770 1398 aflectu
781 1356 812 1396 se
828 1346 924 1408 tenet,

163 1448 221 1485 nou
240 1427 351 1488 habens
374 1430 505 1488 futurum
526 1428 606 1507 quod
628 1441 793 1508 exspectet,
814 1448 867 1490 nec
890 1428 922 1485 in

163 1517 345 1595 praeteritum
366 1517 511 1594 trajiciens
534 1519 615 1594 quod
640 1517 822 1588 meminerit,
844 1517 924 1575 nulla

163 1606 228 1666 vioe
243 1607 385 1679 variatur,
398 1625 452 1664 nec
467 1607 499 1663 in
514 1617 647 1684 tempora
662 1607 722 1664 ulla
736 1603 922 1664 distenditur.

133 1756 138 1760 ,
164 1701 188 1756 Ο
203 1697 303 1771 beata„
317 1698 341 1756 si
355 1717 414 1775 qua
429 1697 484 1755 ista
498 1708 554 1771 est,
565 1697 735 1756 inhaerendo
748 1694 922 1755 beatitudini
1004 1711 1006 1717 ⁴

163 1801 237 1862 tuae3
252 1787 532 1866 beatasempiterno
547 1785 745 1868 inhabitatore
766 1799 794 1845 te
803 1829 812 1859 ,
834 1797 923 1867 atque

162 1879 338 1940 illustratore
363 1880 437 1937 suo!
461 1870 521 1940 Neo
545 1878 661 1938 invenio
686 1878 757 1959 quid
784 1878 923 1952 libentius

164 1971 371 2052 appellandum
392 1971 554 2030 existimem
575 1971 682 2030 Coetum
703 1977 769 2032 eoeli
785 1978 921 2048 Domino,

163 2081 252 2145 quam
275 2064 393 2124 domum
414 2075 507 2137 tuam,
526 2064 771 2142 contemplantem
793 2064 924 2124 delecta·

165 2156 272 2216 tionem
296 2167 375 2214 tuam
400 2154 461 2212 sine
482 2154 543 2213 ullo
566 2153 682 2212 delectu
700 2154 867 2233 egrediendi
891 2156 922 2216 in

162 2248 258 2320 aliud;
283 2257 410 2307 mentem
433 2265 552 2324 puram,
579 2245 805 2306 concordissime
831 2266 920 2306 unam

163 2339 359 2398 stabilimento
384 2337 464 2416 pacis
486 2349 652 2397 sanctorum
681 2337 854 2417 spirituum,
881 2339 923 2398 ci·

164 2431 244 2489 vium
269 2429 394 2488 civitatis
422 2441 478 2487 tuae
502 2429 532 2488 in
556 2427 721 2489 coelestibus
751 2448 840 2511 super
867 2428 922 2490 ista

165 2520 299 2578 coelestia.

208 2607 253 2665 13.
273 2605 359 2665 Unde
377 2605 518 2684 intelligat
535 2609 629 2668 anima
650 2607 733 2687 cujus
753 2609 925 2687 peregrina-

167 2697 206 2757 tio
226 2700 240 2724 *
260 2696 416 2774 longinqua
440 2697 516 2754 facta
536 2711 591 2770 est,
612 2699 637 2757 si
656 2698 718 2776 jam
734 2698 794 2756 sitit
810 2697 881 2773 tibi;
901 2701 926 2760 si

161 2787 223 2865 jam
237 2789 319 2848 laotae
332 2799 400 2845 sunt
416 2786 442 2845 ei
456 2788 591 2865 lacrymae
608 2809 667 2848 suae
682 2789 779 2867 panis,
793 2790 862 2849 dum
878 2791 925 2851 di-

167 2877 241 2936 citur
255 2877 282 2936 ei
297 2896 351 2955 per
367 2876 494 2955 singulos
508 2873 583 2952 dies,
596 2877 657 2938 Ubi
671 2890 715 2939 est
725 2883 805 2940 Deus
819 2892 885 2940 tuus
897 2883 927 2939 ¹?

165 2966 189 3026 si
205 2966 264 3046 jam
281 2967 355 3045 petit
369 2986 386 3026 a
400 2979 429 3026 te
443 2987 532 3030 unam
546 2971 576 3030 el
588 2970 663 3032 hano
676 2972 813 3053 requirit,
828 2984 861 3033 ut
878 2972 925 3031 in-

204 3167 289 3220 ¹Psal.
304 3170 442 3230 xtt,³,l,
457 3171 496 3220 ll.
