<?xml version="1.0" encoding="UTF-8"?>
<!DOCTYPE html PUBLIC "-//W3C//DTD XHTML 1.0 Transitional//EN"
    "http://www.w3.org/TR/xhtml1/DTD/xhtml1-transitional.dtd">
<html xmlns="http://www.w3.org/1999/xhtml" xml:lang="en" lang="en">
 <head>
  <title>
</title>
<meta http-equiv="Content-Type" content="text/html;charset=utf-8" />
  <meta name='ocr-system' content='tesseract 3.04.00' />
  <meta name='ocr-capabilities' content='ocr_page ocr_carea ocr_par ocr_line ocrx_word'/>
</head>
<body>
  <div class='ocr_page' id='page_1' title='image "./confessionumlib00maugoog_0260.png"; bbox 0 0 2356 4018; ppageno 0'>
   <div class='ocr_carea' id='block_1_1' title="bbox 262 399 834 464">
    <p class='ocr_par' dir='ltr' id='par_1_1' title="bbox 262 399 834 464">
     <span class='ocr_line' id='line_1_1' title="bbox 262 399 834 464; baseline -0.026 -2"><span class='ocrx_word' id='word_1_1' title='bbox 262 419 311 464; x_wconf 77' lang='lat'><strong>258</strong></span> <span class='ocrx_word' id='word_1_2' title='bbox 446 413 471 459; x_wconf 85' lang='lat' dir='ltr'><strong>S.</strong></span> <span class='ocrx_word' id='word_1_3' title='bbox 483 403 672 459; x_wconf 67' lang='lat' dir='ltr'><strong>ununsrntt</strong></span> <span class='ocrx_word' id='word_1_4' title='bbox 690 399 834 450; x_wconf 70' lang='lat' dir='ltr'><strong>EPssCOPl·</strong></span> 
     </span>
    </p>
   </div>
   <div class='ocr_carea' id='block_1_2' title="bbox 181 499 1067 3024">
    <p class='ocr_par' dir='ltr' id='par_1_2' title="bbox 257 499 1021 954">
     <span class='ocr_line' id='line_1_2' title="bbox 261 499 1019 592; baseline -0.016 -22"><span class='ocrx_word' id='word_1_5' title='bbox 261 515 366 575; x_wconf 68' lang='lat' dir='ltr'><strong>»tandi</strong></span> <span class='ocrx_word' id='word_1_6' title='bbox 384 508 589 592; x_wconf 62' lang='lat' dir='ltr'><strong>praevalebiti»</strong></span> <span class='ocrx_word' id='word_1_7' title='bbox 611 507 673 561; x_wconf 84' lang='lat' dir='ltr'><strong>Hac</strong></span> <span class='ocrx_word' id='word_1_8' title='bbox 693 499 807 559; x_wconf 86' lang='lat' dir='ltr'><strong>ratione</strong></span> <span class='ocrx_word' id='word_1_9' title='bbox 827 499 1019 578; x_wconf 88' lang='lat' dir='ltr'><strong>praecipiendi</strong></span> 
     </span>
     <span class='ocr_line' id='line_1_3' title="bbox 262 590 1018 675; baseline -0.022 -10"><span class='ocrx_word' id='word_1_10' title='bbox 262 620 291 666; x_wconf 90' lang='lat' dir='ltr'><strong>et</strong></span> <span class='ocrx_word' id='word_1_11' title='bbox 310 603 482 662; x_wconf 84' lang='lat' dir='ltr'><strong>auctoritate</strong></span> <span class='ocrx_word' id='word_1_12' title='bbox 500 592 681 675; x_wconf 88' lang='lat' dir='ltr'><strong>imperandi,</strong></span> <span class='ocrx_word' id='word_1_13' title='bbox 695 590 830 650; x_wconf 83' lang='lat' dir='ltr'><strong>frenabat</strong></span> <span class='ocrx_word' id='word_1_14' title='bbox 849 590 1018 649; x_wconf 79' lang='lat' dir='ltr'><strong>aviditatem</strong></span> 
     </span>
     <span class='ocr_line' id='line_1_4' title="bbox 262 680 1020 764; baseline -0.024 -9"><span class='ocrx_word' id='word_1_15' title='bbox 262 694 415 755; x_wconf 71' lang='lat' dir='ltr'>tenerioris</span> <span class='ocrx_word' id='word_1_16' title='bbox 428 689 538 760; x_wconf 75' lang='lat' dir='ltr'><strong>aetatis·5</strong></span> <span class='ocrx_word' id='word_1_17' title='bbox 547 699 577 744; x_wconf 89' lang='lat' dir='ltr'><strong>et</strong></span> <span class='ocrx_word' id='word_1_18' title='bbox 588 685 681 764; x_wconf 86' lang='lat' dir='ltr'><strong>ipsam</strong></span> <span class='ocrx_word' id='word_1_19' title='bbox 695 682 859 760; x_wconf 85' lang='lat' dir='ltr'><strong>puellarum</strong></span> <span class='ocrx_word' id='word_1_20' title='bbox 872 680 950 739; x_wconf 90' lang='lat' dir='ltr'><strong>sitim</strong></span> <span class='ocrx_word' id='word_1_21' title='bbox 962 681 1020 738; x_wconf 80' lang='lat' dir='ltr'><strong>lor-</strong></span> 
     </span>
     <span class='ocr_line' id='line_1_5' title="bbox 257 773 1021 850; baseline -0.022 -3"><span class='ocrx_word' id='word_1_22' title='bbox 257 786 364 846; x_wconf 87' lang='lat' dir='ltr'><strong>mabat</strong></span> <span class='ocrx_word' id='word_1_23' title='bbox 375 785 414 843; x_wconf 92' lang='lat' dir='ltr'><strong>ad</strong></span> <span class='ocrx_word' id='word_1_24' title='bbox 424 783 580 844; x_wconf 86' lang='lat' dir='ltr'><strong>honestum</strong></span> <span class='ocrx_word' id='word_1_25' title='bbox 592 776 726 846; x_wconf 84' lang='lat' dir='ltr'><strong>modum,</strong></span> <span class='ocrx_word' id='word_1_26' title='bbox 736 785 769 832; x_wconf 90' lang='lat' dir='ltr'><strong>ut</strong></span> <span class='ocrx_word' id='word_1_27' title='bbox 775 773 836 850; x_wconf 88' lang='lat' dir='ltr'><strong>jam</strong></span> <span class='ocrx_word' id='word_1_28' title='bbox 847 793 901 832; x_wconf 83' lang='lat' dir='ltr'><strong>nec</strong></span> <span class='ocrx_word' id='word_1_29' title='bbox 915 773 1021 831; x_wconf 88' lang='lat' dir='ltr'><strong>liberet</strong></span> 
     </span>
     <span class='ocr_line' id='line_1_6' title="bbox 263 873 566 954; baseline -0.03 -18"><span class='ocrx_word' id='word_1_30' title='bbox 263 877 344 954; x_wconf 93' lang='lat' dir='ltr'><strong>quod</strong></span> <span class='ocrx_word' id='word_1_31' title='bbox 357 895 418 934; x_wconf 87' lang='lat' dir='ltr'><strong>non</strong></span> <span class='ocrx_word' id='word_1_32' title='bbox 432 873 566 932; x_wconf 81' lang='lat' dir='ltr'><strong>deceret..</strong></span> 
     </span>
    </p>

    <p class='ocr_par' dir='ltr' id='par_1_3' title="bbox 264 954 1020 1124">
     <span class='ocr_line' id='line_1_7' title="bbox 307 954 1020 1040; baseline -0.024 -14"><span class='ocrx_word' id='word_1_33' title='bbox 307 967 352 1026; x_wconf 21' lang='lat'><strong>18¹.</strong></span> <span class='ocrx_word' id='word_1_34' title='bbox 363 970 400 1024; x_wconf 91' lang='lat' dir='ltr'><strong>Et</strong></span> <span class='ocrx_word' id='word_1_35' title='bbox 411 971 592 1040; x_wconf 84' lang='lat' dir='ltr'><strong>surrepserat</strong></span> <span class='ocrx_word' id='word_1_36' title='bbox 605 970 715 1026; x_wconf 87' lang='lat' dir='ltr'><strong>tamen,</strong></span> <span class='ocrx_word' id='word_1_37' title='bbox 727 955 803 1012; x_wconf 91' lang='lat' dir='ltr'><strong>sicut</strong></span> <span class='ocrx_word' id='word_1_38' title='bbox 812 954 888 1026; x_wconf 87' lang='lat' dir='ltr'><strong>mihi</strong></span> <span class='ocrx_word' id='word_1_39' title='bbox 899 955 960 1012; x_wconf 82' lang='lat' dir='ltr'><strong>filio</strong></span> <span class='ocrx_word' id='word_1_40' title='bbox 973 955 1020 1016; x_wconf 84' lang='lat' dir='ltr'><strong>la-</strong></span> 
     </span>
     <span class='ocr_line' id='line_1_8' title="bbox 264 1045 1019 1124; baseline -0.024 -6"><span class='ocrx_word' id='word_1_41' title='bbox 264 1060 343 1118; x_wconf 88' lang='lat' dir='ltr'><strong>mnla</strong></span> <span class='ocrx_word' id='word_1_42' title='bbox 364 1071 417 1116; x_wconf 87' lang='lat' dir='ltr'><strong>tua</strong></span> <span class='ocrx_word' id='word_1_43' title='bbox 431 1051 587 1121; x_wconf 87' lang='lat' dir='ltr'><strong>narrabat,</strong></span> <span class='ocrx_word' id='word_1_44' title='bbox 602 1057 784 1124; x_wconf 83' lang='lat' dir='ltr'><strong>surrepserat</strong></span> <span class='ocrx_word' id='word_1_45' title='bbox 802 1045 829 1103; x_wconf 92' lang='lat' dir='ltr'><strong>ei</strong></span> <span class='ocrx_word' id='word_1_46' title='bbox 848 1045 1019 1104; x_wconf 81' lang='lat' dir='ltr'><strong>vinolentia.</strong></span> 
     </span>
    </p>

    <p class='ocr_par' dir='ltr' id='par_1_4' title="bbox 257 1133 1021 1318">
     <span class='ocr_line' id='line_1_9' title="bbox 264 1133 1020 1215; baseline -0.022 -7"><span class='ocrx_word' id='word_1_47' title='bbox 264 1156 338 1210; x_wconf 87' lang='lat' dir='ltr'><strong>Nam</strong></span> <span class='ocrx_word' id='word_1_48' title='bbox 359 1169 425 1208; x_wconf 90' lang='lat' dir='ltr'><strong>cum</strong></span> <span class='ocrx_word' id='word_1_49' title='bbox 448 1146 485 1204; x_wconf 87' lang='lat' dir='ltr'><strong>de</strong></span> <span class='ocrx_word' id='word_1_50' title='bbox 507 1161 604 1211; x_wconf 86' lang='lat' dir='ltr'><strong>more,</strong></span> <span class='ocrx_word' id='word_1_51' title='bbox 626 1133 764 1214; x_wconf 64' lang='lat' dir='ltr'><strong>taurinam</strong></span> <span class='ocrx_word' id='word_1_52' title='bbox 788 1137 887 1215; x_wconf 88' lang='lat' dir='ltr'><strong>puella</strong></span> <span class='ocrx_word' id='word_1_53' title='bbox 907 1136 1020 1205; x_wconf 84' lang='lat' dir='ltr'><strong>sobria,</strong></span> 
     </span>
     <span class='ocr_line' id='line_1_10' title="bbox 257 1226 1021 1318; baseline -0.022 -18"><span class='ocrx_word' id='word_1_54' title='bbox 257 1241 417 1318; x_wconf 82' lang='lat' dir='ltr'><strong>-jn&#39;beretnr</strong></span> <span class='ocrx_word' id='word_1_55' title='bbox 437 1231 648 1314; x_wconf 74' lang='lat' dir='ltr'><strong>aparentibus</strong></span> <span class='ocrx_word' id='word_1_56' title='bbox 666 1227 822 1306; x_wconf 69' lang='lat' dir='ltr'><strong>de&#39;cuppa</strong></span> <span class='ocrx_word' id='word_1_57' title='bbox 842 1227 944 1286; x_wconf 83' lang='lat' dir='ltr'><strong>vinum</strong></span> <span class='ocrx_word' id='word_1_58' title='bbox 964 1226 1021 1284; x_wconf 90' lang='lat' dir='ltr'><strong>de-</strong></span> 
     </span>
    </p>

    <p class='ocr_par' dir='ltr' id='par_1_5' title="bbox 255 1319 1021 1410">
     <span class='ocr_line' id='line_1_11' title="bbox 255 1319 1021 1410; baseline -0.023 -19"><span class='ocrx_word' id='word_1_59' title='bbox 255 1349 414 1410; x_wconf 85' lang='lat' dir='ltr'><strong>promere,</strong></span> <span class='ocrx_word' id='word_1_60' title='bbox 428 1326 581 1386; x_wconf 85' lang='lat' dir='ltr'><strong>submisso</strong></span> <span class='ocrx_word' id='word_1_61' title='bbox 591 1322 698 1400; x_wconf 81' lang='lat' dir='ltr'><strong>poculo</strong></span> <span class='ocrx_word' id='word_1_62' title='bbox 712 1341 774 1398; x_wconf 91' lang='lat' dir='ltr'><strong>qua</strong></span> <span class='ocrx_word' id='word_1_63' title='bbox 787 1319 912 1396; x_wconf 85' lang='lat' dir='ltr'><strong>desuper</strong></span> <span class='ocrx_word' id='word_1_64' title='bbox 927 1329 1021 1396; x_wconf 87' lang='lat' dir='ltr'><strong>patet,</strong></span> 
     </span>
    </p>

    <p class='ocr_par' dir='ltr' id='par_1_6' title="bbox 181 1409 1067 2850">
     <span class='ocr_line' id='line_1_12' title="bbox 181 1409 1023 1500; baseline -0.02 -20"><span class='ocrx_word' id='word_1_65' title='bbox 181 1443 183 1448; x_wconf 73' lang='grc'>’</span> <span class='ocrx_word' id='word_1_66' title='bbox 265 1423 437 1500; x_wconf 89' lang='lat' dir='ltr'><strong>priusquam</strong></span> <span class='ocrx_word' id='word_1_67' title='bbox 463 1418 495 1476; x_wconf 90' lang='lat' dir='ltr'><strong>in</strong></span> <span class='ocrx_word' id='word_1_68' title='bbox 519 1413 706 1492; x_wconf 81' lang='lat' dir='ltr'><strong>lagunculam</strong></span> <span class='ocrx_word' id='word_1_69' title='bbox 731 1409 866 1484; x_wconf 84' lang='lat' dir='ltr'><strong>fuuderet</strong></span> <span class='ocrx_word' id='word_1_70' title='bbox 891 1427 1023 1480; x_wconf 88' lang='lat' dir='ltr'><strong>merum,</strong></span> 
     </span>
     <span class='ocr_line' id='line_1_13' title="bbox 257 1498 1023 1591; baseline -0.022 -19"><span class='ocrx_word' id='word_1_71' title='bbox 257 1509 446 1591; x_wconf 85' lang='lat' dir='ltr'><strong>primoribus</strong></span> <span class='ocrx_word' id='word_1_72' title='bbox 459 1506 550 1568; x_wconf 90' lang='lat' dir='ltr'><strong>labris</strong></span> <span class='ocrx_word' id='word_1_73' title='bbox 564 1501 702 1562; x_wconf 86' lang='lat' dir='ltr'><strong>sorbebat</strong></span> <span class='ocrx_word' id='word_1_74' title='bbox 715 1501 868 1577; x_wconf 81' lang='lat' dir='ltr'><strong>exiguum,</strong></span> <span class='ocrx_word' id='word_1_75' title='bbox 881 1498 1023 1576; x_wconf 88' lang='lat' dir='ltr'><strong>quianon</strong></span> 
     </span>
     <span class='ocr_line' id='line_1_14' title="bbox 266 1589 1023 1682; baseline -0.018 -20"><span class='ocrx_word' id='word_1_76' title='bbox 266 1593 382 1682; x_wconf 83' lang='lat' dir='ltr'><strong>poterat</strong></span> <span class='ocrx_word' id='word_1_77' title='bbox 402 1598 544 1677; x_wconf 90' lang='lat' dir='ltr'><strong>amplius,</strong></span> <span class='ocrx_word' id='word_1_78' title='bbox 565 1613 651 1652; x_wconf 90' lang='lat' dir='ltr'><strong>sensu</strong></span> <span class='ocrx_word' id='word_1_79' title='bbox 673 1602 835 1650; x_wconf 89' lang='lat' dir='ltr'><strong>recusante.</strong></span> <span class='ocrx_word' id='word_1_80' title='bbox 856 1593 920 1647; x_wconf 88' lang='lat' dir='ltr'><strong>Non</strong></span> <span class='ocrx_word' id='word_1_81' title='bbox 943 1589 1023 1650; x_wconf 89' lang='lat' dir='ltr'><strong>euim</strong></span> 
     </span>
     <span class='ocr_line' id='line_1_15' title="bbox 268 1677 1043 1762; baseline -0.023 -9"><span class='ocrx_word' id='word_1_82' title='bbox 268 1685 327 1752; x_wconf 92' lang='lat' dir='ltr'><strong>ulla</strong></span> <span class='ocrx_word' id='word_1_83' title='bbox 339 1684 520 1752; x_wconf 83' lang='lat' dir='ltr'><strong>temulenta*</strong></span> <span class='ocrx_word' id='word_1_84' title='bbox 532 1681 671 1762; x_wconf 81' lang='lat' dir='ltr'><strong>cupidine</strong></span> <span class='ocrx_word' id='word_1_85' title='bbox 681 1679 809 1739; x_wconf 87' lang='lat' dir='ltr'><strong>faciebat</strong></span> <span class='ocrx_word' id='word_1_86' title='bbox 819 1679 888 1750; x_wconf 86' lang='lat' dir='ltr'><strong>hoc,</strong></span> <span class='ocrx_word' id='word_1_87' title='bbox 901 1677 952 1737; x_wconf 91' lang='lat' dir='ltr'><strong>sed</strong></span> <span class='ocrx_word' id='word_1_88' title='bbox 960 1679 1025 1756; x_wconf 89' lang='lat' dir='ltr'><strong>qui·</strong></span> <span class='ocrx_word' id='word_1_89' title='bbox 1041 1749 1043 1751; x_wconf 15' lang='grc' dir='ltr'>Ι</span> 
     </span>
     <span class='ocr_line' id='line_1_16' title="bbox 267 1769 1024 1858; baseline -0.025 -13"><span class='ocrx_word' id='word_1_90' title='bbox 267 1783 392 1844; x_wconf 90' lang='lat' dir='ltr'><strong>busdam</strong></span> <span class='ocrx_word' id='word_1_91' title='bbox 405 1773 653 1858; x_wconf 87' lang='lat' dir='ltr'><strong>superfluentibus</strong></span> <span class='ocrx_word' id='word_1_92' title='bbox 670 1771 762 1852; x_wconf 80' lang='lat' dir='ltr'><strong>aetatis</strong></span> <span class='ocrx_word' id='word_1_93' title='bbox 776 1769 958 1840; x_wconf 85' lang='lat' dir='ltr'><strong>excessibus,</strong></span> <span class='ocrx_word' id='word_1_94' title='bbox 971 1771 1024 1847; x_wconf 93' lang='lat' dir='ltr'><strong>qui</strong></span> 
     </span>
     <span class='ocr_line' id='line_1_17' title="bbox 268 1859 1026 1940; baseline -0.02 -8"><span class='ocrx_word' id='word_1_95' title='bbox 268 1861 389 1934; x_wconf 83' lang='lat' dir='ltr'><strong>ludicris</strong></span> <span class='ocrx_word' id='word_1_96' title='bbox 400 1868 528 1938; x_wconf 86' lang='lat' dir='ltr'><strong>motibus</strong></span> <span class='ocrx_word' id='word_1_97' title='bbox 540 1863 702 1934; x_wconf 63' lang='lat' dir='ltr'><strong>ebulliunt·</strong></span> <span class='ocrx_word' id='word_1_98' title='bbox 709 1874 738 1920; x_wconf 92' lang='lat' dir='ltr'><strong>et</strong></span> <span class='ocrx_word' id='word_1_99' title='bbox 749 1862 781 1920; x_wconf 93' lang='lat' dir='ltr'><strong>in</strong></span> <span class='ocrx_word' id='word_1_100' title='bbox 791 1859 960 1940; x_wconf 87' lang='lat' dir='ltr'><strong>puerilibus·</strong></span> <span class='ocrx_word' id='word_1_101' title='bbox 965 1860 1026 1918; x_wconf 87' lang='lat' dir='ltr'><strong>ani·</strong></span> 
     </span>
     <span class='ocr_line' id='line_1_18' title="bbox 269 1940 1023 2040; baseline -0.024 -16"><span class='ocrx_word' id='word_1_102' title='bbox 269 1965 325 2028; x_wconf 88' lang='lat' dir='ltr'><strong>mis</strong></span> <span class='ocrx_word' id='word_1_103' title='bbox 338 1962 484 2040; x_wconf 63' lang='lat' dir='ltr'><strong>majorum,</strong></span> <span class='ocrx_word' id='word_1_104' title='bbox 495 1955 626 2038; x_wconf 87' lang='lat' dir='ltr'><strong>pondere</strong></span> <span class='ocrx_word' id='word_1_105' title='bbox 643 1940 737 2032; x_wconf 79' lang='lat' dir='ltr'><strong>premi</strong></span> <span class='ocrx_word' id='word_1_106' title='bbox 758 1952 860 2010; x_wconf 87' lang='lat' dir='ltr'><strong>solent.</strong></span> <span class='ocrx_word' id='word_1_107' title='bbox 872 1955 975 2028; x_wconf 83' lang='lat' dir='ltr'><strong>Itaque</strong></span> <span class='ocrx_word' id='word_1_108' title='bbox 987 1949 1023 2007; x_wconf 89' lang='lat' dir='ltr'><strong>ad</strong></span> 
     </span>
     <span class='ocr_line' id='line_1_19' title="bbox 269 2039 1025 2127; baseline -0.022 -13"><span class='ocrx_word' id='word_1_109' title='bbox 269 2053 354 2116; x_wconf 90' lang='lat' dir='ltr'><strong>illud</strong></span> <span class='ocrx_word' id='word_1_110' title='bbox 366 2051 514 2114; x_wconf 87' lang='lat' dir='ltr'><strong>modicum</strong></span> <span class='ocrx_word' id='word_1_111' title='bbox 537 2044 719 2127; x_wconf 23' lang='lat' dir='ltr'><strong>quotidiana!</strong></span> <span class='ocrx_word' id='word_1_112' title='bbox 734 2040 849 2100; x_wconf 85' lang='lat' dir='ltr'><strong>modica</strong></span> <span class='ocrx_word' id='word_1_113' title='bbox 871 2039 1006 2100; x_wconf 88' lang='lat' dir='ltr'><strong>addendo</strong></span> <span class='ocrx_word' id='word_1_114' title='bbox 1017 2062 1025 2111; x_wconf 91' lang='lat'>;</span> 
     </span>
     <span class='ocr_line' id='line_1_20' title="bbox 268 2129 1042 2222; baseline -0.022 -19"><span class='ocrx_word' id='word_1_115' title='bbox 268 2139 470 2222; x_wconf 76' lang='lat' dir='ltr'><strong>quoniamqui</strong></span> <span class='ocrx_word' id='word_1_116' title='bbox 478 2129 598 2199; x_wconf 81' lang='lat' dir='ltr'><strong>modica</strong></span> <span class='ocrx_word' id='word_1_117' title='bbox 605 2133 726 2212; x_wconf 88' lang='lat' dir='ltr'><strong>speruit,</strong></span> <span class='ocrx_word' id='word_1_118' title='bbox 734 2131 875 2211; x_wconf 88' lang='lat' dir='ltr'><strong>paulatim</strong></span> <span class='ocrx_word' id='word_1_119' title='bbox 883 2129 992 2188; x_wconf 89' lang='lat' dir='ltr'><strong>decidit</strong></span> <span class='ocrx_word' id='word_1_120' title='bbox 1001 2141 1026 2203; x_wconf 77' lang='lat'><strong>¹3</strong></span> <span class='ocrx_word' id='word_1_121' title='bbox 1039 2181 1042 2188; x_wconf 84' lang='grc'>.</span> 
     </span>
     <span class='ocr_line' id='line_1_21' title="bbox 268 2219 1025 2301; baseline -0.017 -11"><span class='ocrx_word' id='word_1_122' title='bbox 268 2234 302 2290; x_wconf 88' lang='lat' dir='ltr'><strong>in</strong></span> <span class='ocrx_word' id='word_1_123' title='bbox 316 2251 381 2292; x_wconf 84' lang='lat' dir='ltr'><strong>eam</strong></span> <span class='ocrx_word' id='word_1_124' title='bbox 393 2226 634 2288; x_wconf 86' lang='lat' dir='ltr'><strong>consuetudinem</strong></span> <span class='ocrx_word' id='word_1_125' title='bbox 645 2225 726 2301; x_wconf 80' lang='lat' dir='ltr'><strong>lapsa</strong></span> <span class='ocrx_word' id='word_1_126' title='bbox 738 2235 808 2294; x_wconf 88' lang='lat' dir='ltr'><strong>erat,</strong></span> <span class='ocrx_word' id='word_1_127' title='bbox 817 2234 850 2280; x_wconf 90' lang='lat' dir='ltr'><strong>ut</strong></span> <span class='ocrx_word' id='word_1_128' title='bbox 860 2240 954 2299; x_wconf 87' lang='lat' dir='ltr'><strong>prope</strong></span> <span class='ocrx_word' id='word_1_129' title='bbox 963 2219 1025 2298; x_wconf 85' lang='lat' dir='ltr'><strong>jam</strong></span> 
     </span>
     <span class='ocr_line' id='line_1_22' title="bbox 271 2312 1026 2400; baseline -0.013 -20"><span class='ocrx_word' id='word_1_130' title='bbox 271 2323 372 2400; x_wconf 89' lang='lat' dir='ltr'><strong>plenos</strong></span> <span class='ocrx_word' id='word_1_131' title='bbox 386 2337 466 2378; x_wconf 89' lang='lat' dir='ltr'><strong>mero</strong></span> <span class='ocrx_word' id='word_1_132' title='bbox 487 2317 623 2378; x_wconf 82' lang='lat' dir='ltr'><strong>calicrdos</strong></span> <span class='ocrx_word' id='word_1_133' title='bbox 644 2314 791 2372; x_wconf 86' lang='lat' dir='ltr'><strong>inhianter</strong></span> <span class='ocrx_word' id='word_1_134' title='bbox 811 2312 950 2371; x_wconf 86' lang='lat' dir='ltr'><strong>hauriret.</strong></span> <span class='ocrx_word' id='word_1_135' title='bbox 965 2312 1026 2370; x_wconf 90' lang='lat' dir='ltr'><strong>Ubi</strong></span> 
     </span>
     <span class='ocr_line' id='line_1_23' title="bbox 273 2399 1028 2486; baseline -0.015 -16"><span class='ocrx_word' id='word_1_136' title='bbox 273 2425 342 2470; x_wconf 89' lang='lat' dir='ltr'><strong>tunc</strong></span> <span class='ocrx_word' id='word_1_137' title='bbox 360 2427 448 2486; x_wconf 80' lang='lat' dir='ltr'><strong>sagax</strong></span> <span class='ocrx_word' id='word_1_138' title='bbox 461 2427 546 2479; x_wconf 90' lang='lat' dir='ltr'><strong>anus,</strong></span> <span class='ocrx_word' id='word_1_139' title='bbox 562 2419 590 2465; x_wconf 92' lang='lat' dir='ltr'><strong>et</strong></span> <span class='ocrx_word' id='word_1_140' title='bbox 608 2405 764 2463; x_wconf 89' lang='lat' dir='ltr'><strong>vehemens</strong></span> <span class='ocrx_word' id='word_1_141' title='bbox 777 2405 827 2462; x_wconf 88' lang='lat' dir='ltr'><strong>illa</strong></span> <span class='ocrx_word' id='word_1_142' title='bbox 844 2399 1028 2482; x_wconf 82' lang='lat' dir='ltr'><strong>probibitio?</strong></span> 
     </span>
     <span class='ocr_line' id='line_1_24' title="bbox 275 2481 1026 2578; baseline -0.012 -19"><span class='ocrx_word' id='word_1_143' title='bbox 275 2499 426 2578; x_wconf 86' lang='lat' dir='ltr'><strong>Numquid</strong></span> <span class='ocrx_word' id='word_1_144' title='bbox 450 2496 566 2557; x_wconf 87' lang='lat' dir='ltr'><strong>valebat</strong></span> <span class='ocrx_word' id='word_1_145' title='bbox 592 2494 702 2572; x_wconf 89' lang='lat' dir='ltr'><strong>aliquid</strong></span> <span class='ocrx_word' id='word_1_146' title='bbox 727 2481 1026 2554; x_wconf 57' lang='lat' dir='ltr'><strong>adversus&#39;lateutem</strong></span> 
     </span>
     <span class='ocr_line' id='line_1_25' title="bbox 273 2575 1027 2664; baseline -0.011 -14"><span class='ocrx_word' id='word_1_147' title='bbox 273 2588 423 2664; x_wconf 86' lang='lat' dir='ltr'><strong>morbum,</strong></span> <span class='ocrx_word' id='word_1_148' title='bbox 435 2589 492 2648; x_wconf 88' lang='lat' dir='ltr'><strong>nisi</strong></span> <span class='ocrx_word' id='word_1_149' title='bbox 504 2601 555 2646; x_wconf 88' lang='lat' dir='ltr'><strong>tua</strong></span> <span class='ocrx_word' id='word_1_150' title='bbox 568 2585 726 2656; x_wconf 91' lang='lat' dir='ltr'><strong>medicina,</strong></span> <span class='ocrx_word' id='word_1_151' title='bbox 741 2585 880 2656; x_wconf 88' lang='lat' dir='ltr'><strong>Domine,</strong></span> <span class='ocrx_word' id='word_1_152' title='bbox 891 2575 1027 2660; x_wconf 77' lang='lat' dir='ltr'><strong>vigilaret</strong></span> 
     </span>
     <span class='ocr_line' id='line_1_26' title="bbox 273 2674 1026 2762; baseline -0.015 -20"><span class='ocrx_word' id='word_1_153' title='bbox 273 2701 361 2762; x_wconf 89' lang='lat' dir='ltr'><strong>super</strong></span> <span class='ocrx_word' id='word_1_154' title='bbox 374 2701 427 2738; x_wconf 88' lang='lat' dir='ltr'><strong>nos</strong></span> <span class='ocrx_word' id='word_1_155' title='bbox 437 2679 591 2738; x_wconf 76' lang='lat' dir='ltr'><strong>l‘Abseute</strong></span> <span class='ocrx_word' id='word_1_156' title='bbox 608 2688 691 2755; x_wconf 85' lang='lat' dir='ltr'><strong>patre</strong></span> <span class='ocrx_word' id='word_1_157' title='bbox 706 2687 735 2733; x_wconf 92' lang='lat' dir='ltr'><strong>et</strong></span> <span class='ocrx_word' id='word_1_158' title='bbox 748 2688 840 2734; x_wconf 87' lang='lat' dir='ltr'><strong>matre</strong></span> <span class='ocrx_word' id='word_1_159' title='bbox 854 2687 883 2734; x_wconf 93' lang='lat' dir='ltr'><strong>et</strong></span> <span class='ocrx_word' id='word_1_160' title='bbox 896 2674 1026 2733; x_wconf 85' lang='lat' dir='ltr'><strong>nutrito-</strong></span> 
     </span>
     <span class='ocr_line' id='line_1_27' title="bbox 274 2759 1067 2850; baseline -0.011 -20"><span class='ocrx_word' id='word_1_161' title='bbox 274 2772 369 2844; x_wconf 90' lang='lat' dir='ltr'><strong>ribus,</strong></span> <span class='ocrx_word' id='word_1_162' title='bbox 384 2785 416 2829; x_wconf 94' lang='lat' dir='ltr'><strong>tu</strong></span> <span class='ocrx_word' id='word_1_163' title='bbox 436 2789 577 2850; x_wconf 83' lang='lat' dir='ltr'><strong>praesens,</strong></span> <span class='ocrx_word' id='word_1_164' title='bbox 592 2766 644 2844; x_wconf 87' lang='lat' dir='ltr'><strong>qni</strong></span> <span class='ocrx_word' id='word_1_165' title='bbox 664 2763 782 2836; x_wconf 71' lang='lat' dir='ltr'><strong>creasti,</strong></span> <span class='ocrx_word' id='word_1_166' title='bbox 792 2759 851 2843; x_wconf 86' lang='lat' dir='ltr'><strong>qni</strong></span> <span class='ocrx_word' id='word_1_167' title='bbox 862 2783 963 2836; x_wconf 86' lang='lat' dir='ltr'><strong>vocas,</strong></span> <span class='ocrx_word' id='word_1_168' title='bbox 974 2766 1027 2843; x_wconf 88' lang='lat' dir='ltr'><strong>qui</strong></span> <span class='ocrx_word' id='word_1_169' title='bbox 1065 2837 1067 2842; x_wconf 17' lang='grc' dir='ltr'>ι</span> 
     </span>
    </p>

    <p class='ocr_par' dir='ltr' id='par_1_7' title="bbox 249 2851 1027 3024">
     <span class='ocr_line' id='line_1_28' title="bbox 249 2851 1027 2936; baseline -0.008 -20"><span class='ocrx_word' id='word_1_170' title='bbox 249 2929 252 2936; x_wconf 88' lang='lat'><em>.</em></span> <span class='ocrx_word' id='word_1_171' title='bbox 275 2859 361 2917; x_wconf 88' lang='lat' dir='ltr'><strong>etiam</strong></span> <span class='ocrx_word' id='word_1_172' title='bbox 381 2877 435 2935; x_wconf 87' lang='lat' dir='ltr'><strong>per</strong></span> <span class='ocrx_word' id='word_1_173' title='bbox 452 2854 624 2935; x_wconf 73' lang='lat' dir='ltr'><strong>praepositos</strong></span> <span class='ocrx_word' id='word_1_174' title='bbox 637 2851 804 2910; x_wconf 71' lang='lat' dir='ltr'><strong>*homines</strong></span> <span class='ocrx_word' id='word_1_175' title='bbox 824 2851 896 2911; x_wconf 88' lang='lat' dir='ltr'><strong>boni</strong></span> <span class='ocrx_word' id='word_1_176' title='bbox 914 2852 1027 2930; x_wconf 77' lang='lat' dir='ltr'><strong>aliquid</strong></span> 
     </span>
     <span class='ocr_line' id='line_1_29' title="bbox 275 2942 1027 3024; baseline -0.008 -20"><span class='ocrx_word' id='word_1_177' title='bbox 275 2943 390 3024; x_wconf 79' lang='lat' dir='ltr'><strong>agisad</strong></span> <span class='ocrx_word' id='word_1_178' title='bbox 410 2945 573 3004; x_wconf 87' lang='lat' dir='ltr'><strong>animarum</strong></span> <span class='ocrx_word' id='word_1_179' title='bbox 596 2943 730 3014; x_wconf 89' lang='lat' dir='ltr'><strong>salntem,</strong></span> <span class='ocrx_word' id='word_1_180' title='bbox 749 2942 821 3020; x_wconf 89' lang='lat' dir='ltr'><strong>quid</strong></span> <span class='ocrx_word' id='word_1_181' title='bbox 840 2955 909 3003; x_wconf 91' lang='lat' dir='ltr'><strong>tunc</strong></span> <span class='ocrx_word' id='word_1_182' title='bbox 922 2943 1027 3020; x_wconf 81' lang='lat' dir='ltr'><strong>egisti,</strong></span> 
     </span>
    </p>
   </div>
   <div class='ocr_carea' id='block_1_3' title="bbox 274 3136 514 3224">
    <p class='ocr_par' dir='ltr' id='par_1_8' title="bbox 274 3136 514 3224">
     <span class='ocr_line' id='line_1_30' title="bbox 274 3136 514 3224; baseline -0.017 -32"><span class='ocrx_word' id='word_1_183' title='bbox 274 3216 277 3224; x_wconf 27' lang='lat' dir='ltr'>y</span> <span class='ocrx_word' id='word_1_184' title='bbox 312 3136 477 3197; x_wconf 57' lang='lat' dir='ltr'><strong>‘Ettlbxtm</strong></span> <span class='ocrx_word' id='word_1_185' title='bbox 492 3140 514 3188; x_wconf 93' lang='grc'><strong>1.</strong></span> 
     </span>
    </p>
   </div>
   <div class='ocr_carea' id='block_1_4' title="bbox 0 0 1199 4018">
    <p class='ocr_par' dir='ltr' id='par_1_9' title="bbox 0 0 1199 4018">
     <span class='ocr_line' id='line_1_31' title="bbox 0 0 1199 4018; baseline 0 0"><span class='ocrx_word' id='word_1_186' title='bbox 0 0 1199 4018; x_wconf 95' lang='lat' dir='ltr'><strong> </strong></span> 
     </span>
    </p>
   </div>
  </div>
 </body>
</html>
