2394 4010
255 358 304 410 acc
438 359 462 410 s.
481 357 664 412 Acccsnm
680 357 823 412 ammom
870 329 871 333 ¹

494 529 626 590 CAPUT
647 530 769 592 XXIII.

333 698 394 742 Item
405 692 560 760 prosequitur
572 709 625 758 quae
642 692 673 742 sit
687 692 757 743 beata
765 690 830 751 vita,
842 701 867 740 et
876 693 927 742 ubi.

257 931 259 933 Ι
295 853 342 910 33.
365 858 429 911 Non
445 872 514 929 ergo
535 865 646 911 certum
665 850 804 930 estquod
825 871 923 910 omnes
948 872 1013 912 esse

237 937 331 1004 ‘beati
351 945 469 1014 volunt,
481 944 619 1021 quoniam
640 943 690 1026 qai
710 960 768 998 non
787 941 825 998 de
844 955 872 999 te
883 935 1021 1018 gaudere·

255 1031 372 1105 volunt,
393 1051 458 1109 quae
479 1032 540 1088 sola
560 1032 621 1088 vita
641 1029 725 1088 beata
747 1041 804 1100 est,
825 1049 883 1087 non
908 1031 1010 1107 utique

255 1127 344 1182 vitam
367 1119 482 1179 beatam
499 1121 610 1178 volunt.
631 1125 677 1176 An
698 1139 796 1177 omnes
817 1119 874 1177 hoc
892 1119 1014 1177 volunt?

255 1213 310 1272 Sed
329 1212 466 1289 quoniam
481 1230 549 1268 caro
564 1211 742 1288 concupiscit
762 1209 900 1267 adversus
920 1209 1009 1288 spiri-

256 1314 327 1374 tum,
341 1313 369 1358 et
380 1300 498 1378 spiritus
510 1297 648 1357 adversus
661 1319 776 1356 carnem
788 1311 822 1356 ut
834 1319 892 1356 non
905 1298 1011 1356 faciant

256 1387 335 1469 quod
348 1391 451 1448 volunt
463 1399 484 1461 ¹,
496 1389 603 1448 cadunt
616 1391 646 1446 in
658 1389 689 1446 id
699 1389 778 1467 quod
792 1391 901 1461 valent,
917 1409 1012 1466 eoque

258 1481 384 1539 contenti
397 1487 475 1551 sunt3
488 1481 557 1558 quia
575 1479 647 1537 illud
663 1479 742 1557 quod
756 1499 814 1536 non
826 1477 923 1538 valcnt
931 1522 940 1550 ‚
953 1499 1011 1536 non

257 1579 368 1630 tantum
391 1573 506 1643 volunt,
533 1583 674 1652 quantum
697 1582 741 1628 sat
763 1584 805 1627 est
829 1583 862 1627 ut
876 1571 1010 1628 ¹valeant¹

256 1667 329 1720 Nam
343 1682 442 1741 quaero
456 1662 492 1720 ab
508 1661 641 1719 omnibus
654 1674 752 1718 utrum
766 1659 867 1722 malint
880 1661 917 1719 dc
930 1661 1011 1720 veri-

258 1765 316 1810 tate
332 1773 420 1830 quam
433 1753 470 1811 dc
483 1752 607 1810 falsitate
618 1750 744 1828 gaudere
759 1771 766 1806 ε
782 1761 841 1808 tam
855 1771 912 1809 non
926 1751 1015 1810 dubi-

260 1856 319 1900 tant
346 1843 442 1902 dicere
467 1843 503 1900 de
524 1844 646 1901 veritate
668 1861 698 1900 sc
720 1840 821 1914 malle,
842 1861 930 1918 quam
955 1862 1013 1900 non

260 1930 394 1990 dubitant
424 1933 534 2000 dicere,
546 1932 646 1990 beatos
675 1950 736 1990 esse
763 1950 794 1988 se
818 1932 901 1988 velle.
926 1935 1014 1989 Beata

260 2023 369 2100 quippe
387 2023 446 2080 vita
463 2034 505 2080 cst
522 2022 660 2099 gaudium
682 2020 718 2079 dc
739 2021 869 2078 veritate.
888 2023 951 2078 Hoc
970 2034 1014 2079 est

262 2114 338 2172 enim
352 2113 489 2188 gaudium
503 2113 539 2169 de
552 2126 580 2170 te
593 2112 644 2187 qui
656 2111 763 2169 veritas
777 2130 807 2168 es
817 2119 838 2180 ²,
851 2114 930 2168 Deus
943 2111 1012 2169 ilIu-

262 2203 381 2260 minatio
400 2221 479 2272 mea,
499 2202 575 2259 salus
594 2200 678 2257 faciei
702 2219 774 2258 meaa
787 2199 808 2269 ³,
820 2204 899 2258 Deus
923 2219 1015 2259 meus«

262 2295 344 2350 Hanc
359 2293 448 2348 vitam
465 2291 578 2347 beatam
593 2299 692 2346 omncs
705 2290 823 2362 volunt,
837 2289 911 2347 hanc
925 2291 1014 2348 vitam

263 2401 328 2459 quae
343 2380 403 2438 sola
421 2379 506 2437 beata
522 2392 564 2436 est
582 2398 680 2437 omnes
694 2381 809 2452 volunt,
823 2379 961 2457 gaudium
978 2381 1015 2438 de

262 2472 385 2530 veritate
406 2489 504 2527 omncs
525 2471 636 2527 volunt.
657 2470 763 2528 Multos
789 2484 923 2549 expertus
950 2471 1015 2529 sum

263 2563 314 2640 qui
333 2562 439 2620 vellent
460 2562 574 2633 fallere3
589 2562 639 2638 qui
658 2574 754 2620 autem
771 2562 846 2634 falli,
860 2563 1014 2621 neminem,

263 2651 322 2712 Ubi
343 2672 411 2730 ergo
432 2664 575 2712 noverunt
597 2652 672 2711 hanc
695 2653 783 2711 vitam
807 2652 940 2725 beatam3
953 2654 1015 2712 'nisi

263 2743 315 2801 ubi
328 2756 472 2802 noverunt
491 2743 577 2802 etiam
592 2744 764 2801 veritatem?
776 2747 882 2800 Amant
897 2743 1016 2801 enimet

264 2837 374 2913 ipsam,
388 2838 457 2912 quia
473 2836 532 2894 salli
546 2836 655 2892 nolunt.
666 2838 702 2891 Et
713 2853 779 2891 cum
794 2847 891 2892 amant
901 2833 1016 2892 beatam

264 2924 354 2981 vitam
366 2924 445 2999 quod
456 2945 514 2982 non
525 2935 569 2982 est
580 2923 658 2981 aliud
670 2942 756 3000 quam
769 2921 806 2981 de
814 2923 937 2982 veritate
950 2942 1018 3001 gau·-

301 3097 311 3122 ¹
324 3089 401 3138 Galat.
413 3107 435 3148 v,
449 3093 490 3138 17.
500 3117 534 3126 -
546 3099 557 3125 ²
569 3095 639 3140 Joan.
650 3106 701 3148 x1v,
711 3097 735 3139 6.
746 3117 780 3126 -
792 3089 803 3126 ³
815 3091 875 3140 Psal.
885 3107 952 3149 xm,
966 3094 987 3138 1.
