<?xml version="1.0" encoding="UTF-8"?>
<!DOCTYPE html PUBLIC "-//W3C//DTD XHTML 1.0 Transitional//EN"
    "http://www.w3.org/TR/xhtml1/DTD/xhtml1-transitional.dtd">
<html xmlns="http://www.w3.org/1999/xhtml" xml:lang="en" lang="en">
 <head>
  <title>
</title>
<meta http-equiv="Content-Type" content="text/html;charset=utf-8" />
  <meta name='ocr-system' content='tesseract 3.04.00' />
  <meta name='ocr-capabilities' content='ocr_page ocr_carea ocr_par ocr_line ocrx_word'/>
</head>
<body>
  <div class='ocr_page' id='page_1' title='image "./confessionumlib00maugoog_0363.png"; bbox 0 0 2352 4094; ppageno 0'>
   <div class='ocr_carea' id='block_1_1' title="bbox 354 479 944 532">
    <p class='ocr_par' dir='ltr' id='par_1_1' title="bbox 354 479 944 532">
     <span class='ocr_line' id='line_1_1' title="bbox 354 479 944 532; baseline 0.003 -3"><span class='ocrx_word' id='word_1_1' title='bbox 354 479 605 530; x_wconf 80' lang='lat' dir='ltr'><strong>CONFESSIONUM</strong></span> <span class='ocrx_word' id='word_1_2' title='bbox 622 479 717 529; x_wconf 84' lang='lat' dir='ltr'>LIBER</span> <span class='ocrx_word' id='word_1_3' title='bbox 734 481 780 530; x_wconf 82' lang='lat' dir='ltr'>xt.</span> <span class='ocrx_word' id='word_1_4' title='bbox 896 485 944 532; x_wconf 77' lang='grc'>365</span> 
     </span>
    </p>
   </div>
   <div class='ocr_carea' id='block_1_2' title="bbox 184 577 996 2642">
    <p class='ocr_par' dir='ltr' id='par_1_2' title="bbox 184 577 996 2642">
     <span class='ocr_line' id='line_1_2' title="bbox 187 577 945 660; baseline 0.003 -20"><span class='ocrx_word' id='word_1_5' title='bbox 187 601 313 660; x_wconf 83' lang='lat' dir='ltr'>praesens</span> <span class='ocrx_word' id='word_1_6' title='bbox 327 595 379 640; x_wconf 88' lang='lat' dir='ltr'>est.</span> <span class='ocrx_word' id='word_1_7' title='bbox 395 585 466 640; x_wconf 89' lang='lat' dir='ltr'>Cum</span> <span class='ocrx_word' id='word_1_8' title='bbox 483 601 552 659; x_wconf 84' lang='lat' dir='ltr'>ergo</span> <span class='ocrx_word' id='word_1_9' title='bbox 566 581 659 640; x_wconf 83' lang='lat' dir='ltr'>videri</span> <span class='ocrx_word' id='word_1_10' title='bbox 669 577 670 580; x_wconf 58' lang='grc'>’</span> <span class='ocrx_word' id='word_1_11' title='bbox 679 577 816 642; x_wconf 85' lang='lat' dir='ltr'>dicuntur</span> <span class='ocrx_word' id='word_1_12' title='bbox 825 577 945 656; x_wconf 67' lang='lat' dir='ltr'>futura,</span> 
     </span>
     <span class='ocr_line' id='line_1_3' title="bbox 186 671 947 750; baseline 0.005 -22"><span class='ocrx_word' id='word_1_13' title='bbox 186 691 254 740; x_wconf 27' lang='lat' dir='ltr'>non·</span> <span class='ocrx_word' id='word_1_14' title='bbox 263 673 327 748; x_wconf 90' lang='lat' dir='ltr'>ipsa</span> <span class='ocrx_word' id='word_1_15' title='bbox 340 691 405 748; x_wconf 83' lang='lat' dir='ltr'>quae</span> <span class='ocrx_word' id='word_1_16' title='bbox 419 671 549 729; x_wconf 91' lang='lat' dir='ltr'>nondum</span> <span class='ocrx_word' id='word_1_17' title='bbox 565 685 644 744; x_wconf 88' lang='lat' dir='ltr'>sunt,</span> <span class='ocrx_word' id='word_1_18' title='bbox 663 672 694 730; x_wconf 94' lang='lat' dir='ltr'>id</span> <span class='ocrx_word' id='word_1_19' title='bbox 708 685 752 731; x_wconf 89' lang='lat' dir='ltr'>est</span> <span class='ocrx_word' id='word_1_20' title='bbox 764 691 829 750; x_wconf 80' lang='lat' dir='ltr'>quae</span> <span class='ocrx_word' id='word_1_21' title='bbox 848 673 947 733; x_wconf 78' lang='lat' dir='ltr'>sutura</span> 
     </span>
     <span class='ocr_line' id='line_1_4' title="bbox 186 764 947 843; baseline 0.004 -24"><span class='ocrx_word' id='word_1_22' title='bbox 186 774 267 834; x_wconf 91' lang='lat' dir='ltr'>sunt,</span> <span class='ocrx_word' id='word_1_23' title='bbox 281 764 332 821; x_wconf 90' lang='lat' dir='ltr'>sed</span> <span class='ocrx_word' id='word_1_24' title='bbox 353 783 455 820; x_wconf 90' lang='lat' dir='ltr'>eorum</span> <span class='ocrx_word' id='word_1_25' title='bbox 472 783 579 834; x_wconf 82' lang='lat' dir='ltr'>causae,</span> <span class='ocrx_word' id='word_1_26' title='bbox 596 765 646 821; x_wconf 80' lang='lat' dir='ltr'>vei</span> <span class='ocrx_word' id='word_1_27' title='bbox 663 765 744 843; x_wconf 79' lang='lat' dir='ltr'>signa</span> <span class='ocrx_word' id='word_1_28' title='bbox 755 765 883 826; x_wconf 65' lang='lat' dir='ltr'>forsitan</span> <span class='ocrx_word' id='word_1_29' title='bbox 895 767 947 837; x_wconf 50' lang='lat' dir='ltr'>ui,-</span> 
     </span>
     <span class='ocr_line' id='line_1_5' title="bbox 188 851 947 930; baseline 0.007 -20"><span class='ocrx_word' id='word_1_30' title='bbox 188 853 304 924; x_wconf 86' lang='lat' dir='ltr'>dentur‚</span> <span class='ocrx_word' id='word_1_31' title='bbox 324 851 470 930; x_wconf 75' lang='lat' dir='ltr'>quaejam</span> <span class='ocrx_word' id='word_1_32' title='bbox 493 866 577 924; x_wconf 86' lang='lat' dir='ltr'>sunt3</span> <span class='ocrx_word' id='word_1_33' title='bbox 592 854 661 920; x_wconf 89' lang='lat' dir='ltr'>ideo</span> <span class='ocrx_word' id='word_1_34' title='bbox 682 857 741 913; x_wconf 84' lang='lat' dir='ltr'>non</span> <span class='ocrx_word' id='word_1_35' title='bbox 762 856 874 926; x_wconf 85' lang='lat' dir='ltr'>futura,</span> <span class='ocrx_word' id='word_1_36' title='bbox 895 856 947 928; x_wconf 80' lang='lat' dir='ltr'>sed</span> 
     </span>
     <span class='ocr_line' id='line_1_6' title="bbox 188 937 947 1022; baseline 0.005 -22"><span class='ocrx_word' id='word_1_37' title='bbox 188 943 341 1020; x_wconf 83' lang='lat' dir='ltr'>praesentia</span> <span class='ocrx_word' id='word_1_38' title='bbox 357 937 424 1001; x_wconf 82' lang='lat' dir='ltr'>sunt</span> <span class='ocrx_word' id='word_1_39' title='bbox 443 942 508 1020; x_wconf 84' lang='lat' dir='ltr'>jam·</span> <span class='ocrx_word' id='word_1_40' title='bbox 520 943 757 1017; x_wconf 81' lang='lat' dir='ltr'>videntibus,-ex</span> <span class='ocrx_word' id='word_1_41' title='bbox 774 945 882 1022; x_wconf 90' lang='lat' dir='ltr'>quihus</span> <span class='ocrx_word' id='word_1_42' title='bbox 899 947 947 1004; x_wconf 76' lang='lat' dir='ltr'>fu·—</span> 
     </span>
     <span class='ocr_line' id='line_1_7' title="bbox 189 1033 947 1114; baseline 0.005 -24"><span class='ocrx_word' id='word_1_43' title='bbox 189 1045 254 1092; x_wconf 90' lang='lat' dir='ltr'>tura</span> <span class='ocrx_word' id='word_1_44' title='bbox 268 1033 463 1111; x_wconf 74' lang='lat' dir='ltr'>praedicantur</span> <span class='ocrx_word' id='word_1_45' title='bbox 481 1034 583 1098; x_wconf 84' lang='lat' dir='ltr'>animo</span> <span class='ocrx_word' id='word_1_46' title='bbox 598 1048 747 1114; x_wconf 85' lang='lat' dir='ltr'>concepta.</span> <span class='ocrx_word' id='word_1_47' title='bbox 761 1040 832 1110; x_wconf 88' lang='lat' dir='ltr'>Quae</span> <span class='ocrx_word' id='word_1_48' title='bbox 847 1055 947 1096; x_wconf 86' lang='lat' dir='ltr'>rursus</span> 
     </span>
     <span class='ocr_line' id='line_1_8' title="bbox 186 1123 948 1204; baseline 0.005 -23"><span class='ocrx_word' id='word_1_49' title='bbox 186 1124 392 1202; x_wconf 82' lang='lat' dir='ltr'>conceptiones</span> <span class='ocrx_word' id='word_1_50' title='bbox 407 1123 468 1201; x_wconf 85' lang='lat' dir='ltr'>jam</span> <span class='ocrx_word' id='word_1_51' title='bbox 484 1137 564 1198; x_wconf 90' lang='lat' dir='ltr'>sunt,</span> <span class='ocrx_word' id='word_1_52' title='bbox 580 1138 609 1184; x_wconf 89' lang='lat' dir='ltr'>et</span> <span class='ocrx_word' id='word_1_53' title='bbox 624 1146 672 1184; x_wconf 86' lang='lat' dir='ltr'>eas</span> <span class='ocrx_word' id='word_1_54' title='bbox 690 1138 846 1204; x_wconf 77' lang='lat' dir='ltr'>praesentes</span> <span class='ocrx_word' id='word_1_55' title='bbox 867 1127 948 1204; x_wconf 83' lang='lat' dir='ltr'>apud</span> 
     </span>
     <span class='ocr_line' id='line_1_9' title="bbox 187 1212 947 1294; baseline 0.005 -22"><span class='ocrx_word' id='word_1_56' title='bbox 187 1235 219 1273; x_wconf 89' lang='lat' dir='ltr'>se</span> <span class='ocrx_word' id='word_1_57' title='bbox 233 1215 383 1290; x_wconf 82' lang='lat' dir='ltr'>intuentur</span> <span class='ocrx_word' id='word_1_58' title='bbox 399 1216 450 1292; x_wconf 89' lang='lat' dir='ltr'>qui</span> <span class='ocrx_word' id='word_1_59' title='bbox 467 1216 516 1273; x_wconf 90' lang='lat' dir='ltr'>illa</span> <span class='ocrx_word' id='word_1_60' title='bbox 527 1212 698 1294; x_wconf 75' lang='lat' dir='ltr'>praedicunt.</span> <span class='ocrx_word' id='word_1_61' title='bbox 710 1221 860 1294; x_wconf 81' lang='lat' dir='ltr'>Loquetur</span> <span class='ocrx_word' id='word_1_62' title='bbox 874 1217 947 1276; x_wconf 87' lang='lat' dir='ltr'>mihi</span> 
     </span>
     <span class='ocr_line' id='line_1_10' title="bbox 187 1305 945 1383; baseline 0.001 -20"><span class='ocrx_word' id='word_1_63' title='bbox 187 1305 308 1383; x_wconf 85' lang='lat' dir='ltr'>aliquod</span> <span class='ocrx_word' id='word_1_64' title='bbox 332 1306 498 1383; x_wconf 87' lang='lat' dir='ltr'>exemplum</span> <span class='ocrx_word' id='word_1_65' title='bbox 520 1318 598 1366; x_wconf 83' lang='lat' dir='ltr'>tanta</span> <span class='ocrx_word' id='word_1_66' title='bbox 621 1327 719 1366; x_wconf 88' lang='lat' dir='ltr'>rerum</span> <span class='ocrx_word' id='word_1_67' title='bbox 743 1308 945 1366; x_wconf 86' lang='lat' dir='ltr'>numerositas.</span> 
     </span>
     <span class='ocr_line' id='line_1_11' title="bbox 186 1398 945 1476; baseline 0.004 -23"><span class='ocrx_word' id='word_1_68' title='bbox 186 1400 307 1454; x_wconf 78' lang='lat' dir='ltr'>intueor</span> <span class='ocrx_word' id='word_1_69' title='bbox 324 1415 472 1470; x_wconf 83' lang='lat' dir='ltr'>auroram,</span> <span class='ocrx_word' id='word_1_70' title='bbox 486 1398 631 1458; x_wconf 87' lang='lat' dir='ltr'>oriturum</span> <span class='ocrx_word' id='word_1_71' title='bbox 650 1401 740 1457; x_wconf 90' lang='lat' dir='ltr'>solem</span> <span class='ocrx_word' id='word_1_72' title='bbox 758 1399 945 1476; x_wconf 84' lang='lat' dir='ltr'>praenuntio:</span> 
     </span>
     <span class='ocr_line' id='line_1_12' title="bbox 186 1485 944 1566; baseline 0.004 -22"><span class='ocrx_word' id='word_1_73' title='bbox 186 1485 267 1563; x_wconf 91' lang='lat' dir='ltr'>quod</span> <span class='ocrx_word' id='word_1_74' title='bbox 286 1487 416 1560; x_wconf 86' lang='lat' dir='ltr'>intueor,</span> <span class='ocrx_word' id='word_1_75' title='bbox 438 1506 565 1563; x_wconf 83' lang='lat' dir='ltr'>praesens</span> <span class='ocrx_word' id='word_1_76' title='bbox 588 1500 644 1560; x_wconf 82' lang='lat' dir='ltr'>est3</span> <span class='ocrx_word' id='word_1_77' title='bbox 666 1487 752 1566; x_wconf 83' lang='lat' dir='ltr'>quod¹</span> <span class='ocrx_word' id='word_1_78' title='bbox 765 1491 944 1566; x_wconf 88' lang='lat' dir='ltr'>praenunti0,</span> 
     </span>
     <span class='ocr_line' id='line_1_13' title="bbox 187 1576 947 1656; baseline 0.007 -23"><span class='ocrx_word' id='word_1_79' title='bbox 187 1576 320 1635; x_wconf 87' lang='lat' dir='ltr'>futurum</span> <span class='ocrx_word' id='word_1_80' title='bbox 335 1598 343 1633; x_wconf 75' lang='lat' dir='ltr'><em>z</em></span> <span class='ocrx_word' id='word_1_81' title='bbox 357 1597 417 1634; x_wconf 90' lang='lat' dir='ltr'>non</span> <span class='ocrx_word' id='word_1_82' title='bbox 433 1578 477 1634; x_wconf 94' lang='lat' dir='ltr'>sol</span> <span class='ocrx_word' id='word_1_83' title='bbox 493 1577 610 1637; x_wconf 84' lang='lat' dir='ltr'>futurus</span> <span class='ocrx_word' id='word_1_84' title='bbox 625 1579 677 1656; x_wconf 91' lang='lat' dir='ltr'>qui</span> <span class='ocrx_word' id='word_1_85' title='bbox 686 1577 748 1655; x_wconf 86' lang='lat' dir='ltr'>jam</span> <span class='ocrx_word' id='word_1_86' title='bbox 763 1587 819 1651; x_wconf 86' lang='lat' dir='ltr'>est,</span> <span class='ocrx_word' id='word_1_87' title='bbox 832 1580 884 1637; x_wconf 91' lang='lat' dir='ltr'>sed</span> <span class='ocrx_word' id='word_1_88' title='bbox 900 1600 947 1638; x_wconf 82' lang='lat' dir='ltr'>or-</span> 
     </span>
     <span class='ocr_line' id='line_1_14' title="bbox 186 1665 947 1744; baseline 0.008 -22"><span class='ocrx_word' id='word_1_89' title='bbox 186 1677 233 1724; x_wconf 87' lang='lat' dir='ltr'>tus</span> <span class='ocrx_word' id='word_1_90' title='bbox 252 1665 314 1744; x_wconf 87' lang='lat' dir='ltr'>ejus</span> <span class='ocrx_word' id='word_1_91' title='bbox 333 1668 385 1744; x_wconf 89' lang='lat' dir='ltr'>qui</span> <span class='ocrx_word' id='word_1_92' title='bbox 399 1667 530 1726; x_wconf 89' lang='lat' dir='ltr'>nondum</span> <span class='ocrx_word' id='word_1_93' title='bbox 545 1680 610 1725; x_wconf 74' lang='lat' dir='ltr'>este</span> <span class='ocrx_word' id='word_1_94' title='bbox 628 1679 725 1726; x_wconf 86' lang='lat' dir='ltr'>tamen</span> <span class='ocrx_word' id='word_1_95' title='bbox 743 1669 830 1728; x_wconf 87' lang='lat' dir='ltr'>etiarn</span> <span class='ocrx_word' id='word_1_96' title='bbox 849 1683 947 1729; x_wconf 89' lang='lat' dir='ltr'>ortum</span> 
     </span>
     <span class='ocr_line' id='line_1_15' title="bbox 186 1755 947 1836; baseline 0.005 -22"><span class='ocrx_word' id='word_1_97' title='bbox 186 1755 283 1833; x_wconf 88' lang='lat' dir='ltr'>ipsum</span> <span class='ocrx_word' id='word_1_98' title='bbox 296 1756 351 1816; x_wconf 89' lang='lat' dir='ltr'>nisi</span> <span class='ocrx_word' id='word_1_99' title='bbox 371 1758 467 1816; x_wconf 88' lang='lat' dir='ltr'>animo</span> <span class='ocrx_word' id='word_1_100' title='bbox 485 1757 669 1836; x_wconf 82' lang='lat' dir='ltr'>imaginarer,</span> <span class='ocrx_word' id='word_1_101' title='bbox 685 1760 761 1823; x_wconf 87' lang='lat' dir='ltr'>sicut</span> <span class='ocrx_word' id='word_1_102' title='bbox 777 1759 865 1817; x_wconf 90' lang='lat' dir='ltr'>modo</span> <span class='ocrx_word' id='word_1_103' title='bbox 880 1781 947 1820; x_wconf 87' lang='lat' dir='ltr'>cum</span> 
     </span>
     <span class='ocr_line' id='line_1_16' title="bbox 185 1844 947 1927; baseline 0.005 -23"><span class='ocrx_word' id='word_1_104' title='bbox 185 1844 218 1904; x_wconf 89' lang='lat' dir='ltr'>id</span> <span class='ocrx_word' id='word_1_105' title='bbox 232 1848 347 1924; x_wconf 88' lang='lat' dir='ltr'>loquor,</span> <span class='ocrx_word' id='word_1_106' title='bbox 361 1867 421 1905; x_wconf 86' lang='lat' dir='ltr'>non</span> <span class='ocrx_word' id='word_1_107' title='bbox 434 1867 501 1906; x_wconf 88' lang='lat' dir='ltr'>eum</span> <span class='ocrx_word' id='word_1_108' title='bbox 514 1868 630 1926; x_wconf 88' lang='lat' dir='ltr'>possem</span> <span class='ocrx_word' id='word_1_109' title='bbox 642 1849 811 1927; x_wconf 77' lang='lat' dir='ltr'>praedicere.</span> <span class='ocrx_word' id='word_1_110' title='bbox 826 1850 883 1910; x_wconf 87' lang='lat' dir='ltr'>Sed</span> <span class='ocrx_word' id='word_1_111' title='bbox 892 1871 947 1910; x_wconf 89' lang='lat' dir='ltr'>nec</span> 
     </span>
     <span class='ocr_line' id='line_1_17' title="bbox 187 1931 946 2015; baseline 0.004 -21"><span class='ocrx_word' id='word_1_112' title='bbox 187 1935 239 1996; x_wconf 88' lang='lat' dir='ltr'>illa</span> <span class='ocrx_word' id='word_1_113' title='bbox 259 1955 364 1995; x_wconf 87' lang='lat' dir='ltr'>aurora</span> <span class='ocrx_word' id='word_1_114' title='bbox 385 1931 473 2015; x_wconf 83' lang='lat' dir='ltr'>quam</span> <span class='ocrx_word' id='word_1_115' title='bbox 497 1932 527 1995; x_wconf 90' lang='lat' dir='ltr'>in</span> <span class='ocrx_word' id='word_1_116' title='bbox 550 1939 623 1996; x_wconf 87' lang='lat' dir='ltr'>coelo</span> <span class='ocrx_word' id='word_1_117' title='bbox 644 1939 751 2010; x_wconf 85' lang='lat' dir='ltr'>video,</span> <span class='ocrx_word' id='word_1_118' title='bbox 776 1939 844 1996; x_wconf 91' lang='lat' dir='ltr'>solis</span> <span class='ocrx_word' id='word_1_119' title='bbox 866 1952 946 1997; x_wconf 89' lang='lat' dir='ltr'>ortus</span> 
     </span>
     <span class='ocr_line' id='line_1_18' title="bbox 186 2027 946 2107; baseline 0.003 -21"><span class='ocrx_word' id='word_1_120' title='bbox 186 2040 244 2100; x_wconf 87' lang='lat' dir='ltr'>est,</span> <span class='ocrx_word' id='word_1_121' title='bbox 261 2030 395 2106; x_wconf 86' lang='lat' dir='ltr'>quamvis</span> <span class='ocrx_word' id='word_1_122' title='bbox 409 2049 477 2088; x_wconf 88' lang='lat' dir='ltr'>eum</span> <span class='ocrx_word' id='word_1_123' title='bbox 491 2027 651 2107; x_wconf 80' lang='lat' dir='ltr'>praecedat3</span> <span class='ocrx_word' id='word_1_124' title='bbox 670 2047 724 2086; x_wconf 91' lang='lat' dir='ltr'>nec</span> <span class='ocrx_word' id='word_1_125' title='bbox 737 2029 787 2086; x_wconf 85' lang='lat' dir='ltr'>itta</span> <span class='ocrx_word' id='word_1_126' title='bbox 803 2029 946 2106; x_wconf 85' lang='lat' dir='ltr'>imagina—</span> 
     </span>
     <span class='ocr_line' id='line_1_19' title="bbox 188 2119 946 2198; baseline 0.001 -21"><span class='ocrx_word' id='word_1_127' title='bbox 188 2119 271 2177; x_wconf 88' lang='lat' dir='ltr'>ticin</span> <span class='ocrx_word' id='word_1_128' title='bbox 288 2120 383 2178; x_wconf 88' lang='lat' dir='ltr'>animo</span> <span class='ocrx_word' id='word_1_129' title='bbox 397 2139 463 2178; x_wconf 92' lang='lat' dir='ltr'>meo</span> <span class='ocrx_word' id='word_1_130' title='bbox 477 2140 484 2176; x_wconf 72' lang='grc' dir='ltr'><strong><em>ε</em></strong></span> <span class='ocrx_word' id='word_1_131' title='bbox 498 2139 568 2198; x_wconf 81' lang='lat' dir='ltr'>quae</span> <span class='ocrx_word' id='word_1_132' title='bbox 580 2119 641 2186; x_wconf 51' lang='lat' dir='ltr'>¹duo</span> <span class='ocrx_word' id='word_1_133' title='bbox 651 2119 805 2197; x_wconf 84' lang='lat' dir='ltr'>praesentia</span> <span class='ocrx_word' id='word_1_134' title='bbox 820 2137 946 2178; x_wconf 88' lang='lat' dir='ltr'>cernun-</span> 
     </span>
     <span class='ocr_line' id='line_1_20' title="bbox 187 2209 945 2288; baseline 0.003 -22"><span class='ocrx_word' id='word_1_135' title='bbox 187 2221 244 2282; x_wconf 88' lang='lat' dir='ltr'>tur,</span> <span class='ocrx_word' id='word_1_136' title='bbox 264 2223 297 2268; x_wconf 92' lang='lat' dir='ltr'>ut</span> <span class='ocrx_word' id='word_1_137' title='bbox 314 2211 430 2272; x_wconf 84' lang='lat' dir='ltr'>futurus</span> <span class='ocrx_word' id='word_1_138' title='bbox 446 2211 496 2270; x_wconf 87' lang='lat' dir='ltr'>itte</span> <span class='ocrx_word' id='word_1_139' title='bbox 515 2223 581 2269; x_wconf 84' lang='lat' dir='ltr'>ante</span> <span class='ocrx_word' id='word_1_140' title='bbox 604 2209 858 2280; x_wconf 67' lang='lat' dir='ltr'>dicamnfutura</span> <span class='ocrx_word' id='word_1_141' title='bbox 875 2229 945 2288; x_wconf 80' lang='lat' dir='ltr'>ergo</span> 
     </span>
     <span class='ocr_line' id='line_1_21' title="bbox 185 2300 943 2376; baseline -0.003 -20"><span class='ocrx_word' id='word_1_142' title='bbox 185 2300 316 2361; x_wconf 86' lang='lat' dir='ltr'>nondum</span> <span class='ocrx_word' id='word_1_143' title='bbox 333 2313 414 2374; x_wconf 86' lang='lat' dir='ltr'>sunt;</span> <span class='ocrx_word' id='word_1_144' title='bbox 434 2313 463 2360; x_wconf 92' lang='lat' dir='ltr'>et</span> <span class='ocrx_word' id='word_1_145' title='bbox 484 2301 507 2360; x_wconf 91' lang='lat' dir='ltr'>si</span> <span class='ocrx_word' id='word_1_146' title='bbox 525 2300 656 2359; x_wconf 90' lang='lat' dir='ltr'>nondum</span> <span class='ocrx_word' id='word_1_147' title='bbox 678 2312 757 2376; x_wconf 81' lang='lat' dir='ltr'>sunt,</span> <span class='ocrx_word' id='word_1_148' title='bbox 775 2319 835 2374; x_wconf 82' lang='lat' dir='ltr'>non</span> <span class='ocrx_word' id='word_1_149' title='bbox 853 2311 943 2358; x_wconf 86' lang='lat' dir='ltr'>sunt:</span> 
     </span>
     <span class='ocr_line' id='line_1_22' title="bbox 185 2391 946 2468; baseline -0.003 -20"><span class='ocrx_word' id='word_1_150' title='bbox 185 2392 261 2450; x_wconf 80' lang='lat' dir='ltr'>etsi</span> <span class='ocrx_word' id='word_1_151' title='bbox 286 2411 345 2451; x_wconf 91' lang='lat' dir='ltr'>non</span> <span class='ocrx_word' id='word_1_152' title='bbox 368 2405 449 2466; x_wconf 91' lang='lat' dir='ltr'>sunt,</span> <span class='ocrx_word' id='word_1_153' title='bbox 466 2392 562 2452; x_wconf 86' lang='lat' dir='ltr'>videri</span> <span class='ocrx_word' id='word_1_154' title='bbox 586 2391 786 2456; x_wconf 80' lang='lat' dir='ltr'>omninouon</span> <span class='ocrx_word' id='word_1_155' title='bbox 809 2403 946 2468; x_wconf 84' lang='lat' dir='ltr'>possunt;</span> 
     </span>
     <span class='ocr_line' id='line_1_23' title="bbox 184 2479 996 2561; baseline 0.001 -24"><span class='ocrx_word' id='word_1_156' title='bbox 184 2479 236 2540; x_wconf 88' lang='lat' dir='ltr'>sed</span> <span class='ocrx_word' id='word_1_157' title='bbox 253 2481 374 2560; x_wconf 81' lang='lat' dir='ltr'>praedici</span> <span class='ocrx_word' id='word_1_158' title='bbox 394 2496 515 2561; x_wconf 92' lang='lat' dir='ltr'>possunt</span> <span class='ocrx_word' id='word_1_159' title='bbox 530 2503 567 2542; x_wconf 87' lang='lat' dir='ltr'>ex</span> <span class='ocrx_word' id='word_1_160' title='bbox 580 2481 784 2561; x_wconf 75' lang='lat' dir='ltr'>praesentibus,</span> <span class='ocrx_word' id='word_1_161' title='bbox 800 2501 864 2556; x_wconf 87' lang='lat' dir='ltr'>quae</span> <span class='ocrx_word' id='word_1_162' title='bbox 883 2479 944 2556; x_wconf 81' lang='lat' dir='ltr'>jam</span> <span class='ocrx_word' id='word_1_163' title='bbox 992 2531 996 2538; x_wconf 92' lang='lat'>.</span> 
     </span>
     <span class='ocr_line' id='line_1_24' title="bbox 184 2569 480 2642; baseline 0.014 -16"><span class='ocrx_word' id='word_1_164' title='bbox 184 2582 266 2642; x_wconf 85' lang='lat' dir='ltr'>suut,</span> <span class='ocrx_word' id='word_1_165' title='bbox 284 2581 313 2626; x_wconf 88' lang='lat' dir='ltr'>et</span> <span class='ocrx_word' id='word_1_166' title='bbox 332 2569 480 2642; x_wconf 75' lang='lat' dir='ltr'>videntur.</span> 
     </span>
    </p>
   </div>
   <div class='ocr_carea' id='block_1_3' title="bbox 415 2752 790 2818">
    <p class='ocr_par' dir='ltr' id='par_1_3' title="bbox 415 2752 790 2818">
     <span class='ocr_line' id='line_1_25' title="bbox 415 2752 790 2818; baseline -0.008 0"><span class='ocrx_word' id='word_1_167' title='bbox 415 2795 425 2804; x_wconf 32' lang='grc' dir='ltr'>ι-</span> <span class='ocrx_word' id='word_1_168' title='bbox 442 2752 575 2818; x_wconf 83' lang='lat' dir='ltr'>CAPUT</span> <span class='ocrx_word' id='word_1_169' title='bbox 596 2753 684 2818; x_wconf 80' lang='lat' dir='ltr'>XIX.</span> <span class='ocrx_word' id='word_1_170' title='bbox 734 2794 738 2800; x_wconf 64' lang='lat'>=</span> <span class='ocrx_word' id='word_1_171' title='bbox 788 2791 790 2796; x_wconf 94' lang='lat'>·</span> 
     </span>
    </p>
   </div>
   <div class='ocr_carea' id='block_1_4' title="bbox 251 2901 859 3007">
    <p class='ocr_par' dir='ltr' id='par_1_4' title="bbox 251 2901 859 3007">
     <span class='ocr_line' id='line_1_26' title="bbox 251 2901 859 3007; baseline -0.008 -16"><span class='ocrx_word' id='word_1_172' title='bbox 251 2901 253 2912; x_wconf 32' lang='lat'><strong>⁴</strong></span> <span class='ocrx_word' id='word_1_173' title='bbox 269 2941 325 2991; x_wconf 84' lang='lat' dir='ltr'>Non</span> <span class='ocrx_word' id='word_1_174' title='bbox 338 2939 402 3007; x_wconf 86' lang='lat' dir='ltr'>oepit</span> <span class='ocrx_word' id='word_1_175' title='bbox 415 2939 526 3000; x_wconf 70' lang='lat' dir='ltr'>modm,</span> <span class='ocrx_word' id='word_1_176' title='bbox 540 2953 589 3005; x_wconf 86' lang='lat' dir='ltr'>quo</span> <span class='ocrx_word' id='word_1_177' title='bbox 603 2943 670 2990; x_wconf 87' lang='lat' dir='ltr'>Deus</span> <span class='ocrx_word' id='word_1_178' title='bbox 684 2935 754 2987; x_wconf 86' lang='lat' dir='ltr'>docet</span> <span class='ocrx_word' id='word_1_179' title='bbox 769 2936 859 2987; x_wconf 77' lang='lat' dir='ltr'>futura.</span> 
     </span>
    </p>
   </div>
   <div class='ocr_carea' id='block_1_5' title="bbox 183 3107 942 3279">
    <p class='ocr_par' dir='ltr' id='par_1_5' title="bbox 183 3107 942 3279">
     <span class='ocr_line' id='line_1_27' title="bbox 224 3107 942 3189; baseline 0 -23"><span class='ocrx_word' id='word_1_180' title='bbox 224 3107 271 3168; x_wconf 85' lang='lat'>25.</span> <span class='ocrx_word' id='word_1_181' title='bbox 289 3115 333 3170; x_wconf 90' lang='lat' dir='ltr'>Tu</span> <span class='ocrx_word' id='word_1_182' title='bbox 350 3111 465 3188; x_wconf 87' lang='lat' dir='ltr'>itaque,</span> <span class='ocrx_word' id='word_1_183' title='bbox 480 3123 616 3189; x_wconf 80' lang='lat' dir='ltr'>regnator</span> <span class='ocrx_word' id='word_1_184' title='bbox 634 3122 773 3168; x_wconf 86' lang='lat' dir='ltr'>creaturae</span> <span class='ocrx_word' id='word_1_185' title='bbox 791 3121 861 3179; x_wconf 82' lang='lat' dir='ltr'>tuae,</span> <span class='ocrx_word' id='word_1_186' title='bbox 878 3111 942 3184; x_wconf 88' lang='lat' dir='ltr'>quis</span> 
     </span>
     <span class='ocr_line' id='line_1_28' title="bbox 183 3198 942 3279; baseline 0 -23"><span class='ocrx_word' id='word_1_187' title='bbox 183 3211 227 3256; x_wconf 88' lang='lat' dir='ltr'>est</span> <span class='ocrx_word' id='word_1_188' title='bbox 246 3201 351 3260; x_wconf 90' lang='lat' dir='ltr'>modus</span> <span class='ocrx_word' id='word_1_189' title='bbox 375 3221 435 3279; x_wconf 89' lang='lat' dir='ltr'>quo</span> <span class='ocrx_word' id='word_1_190' title='bbox 459 3198 546 3259; x_wconf 90' lang='lat' dir='ltr'>doces</span> <span class='ocrx_word' id='word_1_191' title='bbox 567 3201 677 3260; x_wconf 87' lang='lat' dir='ltr'>animas</span> <span class='ocrx_word' id='word_1_192' title='bbox 698 3219 732 3257; x_wconf 86' lang='lat' dir='ltr'>ea</span> <span class='ocrx_word' id='word_1_193' title='bbox 755 3217 820 3276; x_wconf 82' lang='lat' dir='ltr'>quae</span> <span class='ocrx_word' id='word_1_194' title='bbox 846 3198 942 3256; x_wconf 82' lang='lat' dir='ltr'>future</span> 
     </span>
    </p>
   </div>
   <div class='ocr_carea' id='block_1_6' title="bbox 0 0 1180 4094">
    <p class='ocr_par' dir='ltr' id='par_1_6' title="bbox 0 0 1180 4094">
     <span class='ocr_line' id='line_1_29' title="bbox 0 0 1180 4094; baseline 0 0"><span class='ocrx_word' id='word_1_195' title='bbox 0 0 1180 4094; x_wconf 95' lang='lat' dir='ltr'> </span> 
     </span>
    </p>
   </div>
  </div>
 </body>
</html>
