2316 4020
296 433 552 486 comestoribus
569 439 664 488 usust
681 443 726 489 tv.
857 449 891 496 95

129 533 250 610 obsequi
255 554 264 605 ;
278 534 366 592 simul
380 534 476 612 legere
490 533 580 593 libros
596 535 794 618 dulciloquos,
805 542 890 602 simul

128 623 242 699 nugari,
259 636 289 681 et
301 623 388 682 simul
402 624 550 682 honestari
555 647 564 696 ;
578 625 730 688 dissentire
741 631 888 692 interdum

127 712 185 770 sine
206 712 294 784 odio,
316 726 453 790 tanquam
475 715 538 792 ipse
556 715 645 774 homo
665 738 777 792 secum,
800 735 888 800 atque

127 804 187 878 ipsa
202 805 352 863 rarissima
366 805 543 864 dissensione
556 806 676 866 condire
686 811 887 872 consensiones
950 850 962 868 c
987 851 990 859 ·

127 893 279 967 plurimas3
295 893 403 952 docere
421 894 532 971 aliquid
550 895 689 968 invicem,
710 912 760 958 aut
775 900 886 960 discere

127 979 166 1038 ab
178 981 300 1042 invicem
305 1007 314 1057 3
331 984 497 1043 desiderare
510 983 644 1045 absentes
658 1007 724 1047 cnm
736 991 884 1065 molestia,

126 1071 272 1148 suscipere
290 1072 440 1131 venientes
457 1093 522 1131 cum
536 1075 634 1132 laetitia
648 1099 655 1132 z
670 1075 715 1134 his
729 1089 817 1155 atque
828 1081 884 1137 hu-

122 1159 250 1236 jusmodi
264 1163 352 1240 signis
370 1184 387 1222 a
406 1163 494 1222 corde
507 1164 665 1222 amantium
683 1179 713 1224 et
732 1168 884 1228 redaman-

123 1249 195 1309 tium
210 1251 440 1329 procedentibus
457 1272 511 1330 per
529 1273 575 1327 os,
597 1274 651 1332 per
669 1255 810 1336 linguam,
828 1279 882 1336 per

124 1341 234 1413 oculos,
246 1355 276 1401 et
290 1344 476 1403 millemotus
491 1344 679 1424 gratissimos,
697 1349 780 1424 quasi
795 1349 881 1407 lomi-

124 1427 199 1488 tibus
225 1432 353 1492 conflare
375 1434 498 1507 animos,
520 1447 550 1492 et
573 1434 767 1511 expluribus
790 1458 879 1496 unum

123 1519 229 1579 lacere.

389 1623 528 1738 CAPUT
549 1676 606 1735 IX.

172 1835 214 1884 De,
224 1831 331 1882 humana
346 1829 459 1882 amicitia.
475 1835 564 1882 Beatus
574 1830 621 1896 ¹qui
635 1839 701 1880 amnt
716 1831 742 1879 in
755 1836 816 1880 Deo.

162 1973 206 2030 14.
230 1977 293 2032 Hoc
310 1984 353 2032 est
371 1971 451 2050 quod
465 1972 595 2050 diligitur
612 1971 642 2028 in
660 1971 775 2043 amicis3
790 1983 819 2028 et
837 1973 878 2030 sic

119 2061 261 2140 diligitur,
275 2075 372 2121 utres
388 2061 444 2120 sibi
458 2063 494 2120 sit
508 2063 636 2120 bumana
651 2060 838 2132 conscienlia,
853 2064 877 2121 si

118 2171 176 2208 non
190 2152 335 2209 amaverit
344 2152 554 2224 redamantem,
566 2163 617 2209 aut
627 2151 650 2209 si
665 2163 807 2209 amantem
818 2172 877 2209 non

118 2241 326 2314 redamaverit,
349 2242 422 2300 nihil
446 2261 577 2320 quaerens
606 2240 728 2318 exejus
752 2261 876 2320 corpore

117 2345 226 2407 praeter
244 2331 353 2391 indicia
368 2331 587 2390 benevolentiae.
606 2331 680 2390 Hinc
695 2331 744 2396 ille
763 2333 873 2403 luctus,

76 2500 79 2504 Ι
115 2422 138 2480 si
155 2422 222 2500 quis
236 2421 390 2496 moriatur3
403 2435 432 2480 et
448 2421 572 2481 tenebrae
589 2421 737 2493 dolorum,
749 2434 778 2480 et
790 2443 874 2481 versa

114 2511 271 2570 dulcedine
286 2514 317 2570 in
329 2512 549 2571 amaritudinem
560 2532 611 2570 cor
625 2512 788 2584 madidum,
798 2525 874 2570 etex
913 2505 916 2525 ;
968 2531 970 2534 ·

115 2603 221 2662 amissa
232 2603 292 2660 vita
302 2601 486 2660 morientium
501 2622 579 2660 mors
589 2603 757 2660 viventium.
768 2605 872 2660 Beatus

114 2693 166 2768 qui
175 2704 253 2750 amat
265 2704 308 2764 te,
318 2704 348 2750 et
358 2691 483 2749 amicum
493 2691 524 2748 in
535 2703 578 2764 te,
593 2703 622 2748 et
634 2680 784 2750 inimlcum
801 2711 872 2766 pro-

114 2793 182 2858 pter
196 2794 233 2840 te.
248 2780 332 2839 Solus
342 2781 419 2838 enim
434 2782 546 2839 nullum
558 2780 679 2836 charum
693 2778 810 2850 amittit,
823 2780 871 2838 cui

114 2891 215 2942 omnes
226 2873 257 2930 in
275 2869 326 2929 illo
339 2871 419 2929 chari
437 2884 516 2943 sunt,
536 2870 656 2948 quinon
671 2868 820 2928 amittitur.
834 2874 870 2928 Et

112 2963 178 3040 quis
199 2975 244 3023 est
263 2963 331 3035 iste,
349 2961 405 3020 nisi
420 2966 499 3020 Deus
516 2973 626 3033 noster,
642 2965 721 3020 Deus
734 2959 786 3038 qui
800 2961 869 3019 lecit

112 3053 218 3112 coelnm
232 3065 262 3111 et
278 3065 400 3123 terram,
412 3065 440 3109 et
458 3051 561 3130 implet
578 3071 624 3124 ea,
637 3052 706 3129 quia
718 3050 867 3128 implendo

112 3161 146 3200 es
159 3143 229 3202 fecit
239 3145 294 3201 eal
307 3145 348 3200 Te
362 3159 447 3202 nemo
464 3141 582 3216 amittit,
593 3141 647 3202 nisi
659 3141 709 3218 qui
726 3140 843 3199 dimittit
859 3161 865 3194 :
