2352 4094
273 361 323 408 404
459 359 484 407 s.
501 335 683 420 cucusum
700 356 842 406 mascam

273 479 334 518 esse
353 471 457 518 cuncta
470 458 525 516 ista
541 455 667 516 visibilia
681 477 746 534 quaa
764 470 833 515 nota
847 469 915 516 sunt
931 460 1042 518 omni-

272 547 341 624 bus,
354 569 413 606 non
426 549 652 625 incongruenter
667 547 820 605 informem
837 547 921 606 istam
936 561 1043 608 mate-

272 639 347 697 riam
360 638 576 716 intelligendam
591 656 652 695 esse
667 638 860 696 consentiunt.

277 780 279 784 .
313 727 360 786 25.
375 729 453 804 Quid
474 727 591 794 sidicat
609 726 696 798 alius,
715 726 847 786 eamdem
864 726 1039 788 informita-

274 831 345 892 tem,
370 818 627 894 confusionemque
651 818 791 888 materiae,
813 817 877 875 coeli
895 829 925 875 et
946 823 1039 878 terrae

273 910 391 968 nomine
405 909 487 987 prius
501 908 692 978 insinuatam,
709 907 790 984 qnod
806 909 842 980 eit
856 928 890 966 ea
904 909 1038 969 mundus

274 998 328 1058 iste
348 997 470 1056 visibilis
491 1017 559 1055 cum
577 995 712 1054 omnibus
729 997 842 1055 naturis
862 1016 928 1074 quae
946 997 978 1056 in
995 1019 1037 1058 eo

274 1090 503 1148 manifestissime
520 1099 676 1164 apparent,
688 1087 739 1164 qui
753 1088 860 1170 coeliet
873 1100 957 1145 terrae
974 1109 1037 1149 no-

274 1179 441 1258 minesaepe
455 1177 596 1254 appellari
610 1176 699 1248 solet,
713 1177 847 1236 conditus
859 1191 946 1256 atque
959 1199 1036 1258 pet·-

273 1271 365 1328 lectus
379 1271 440 1326 est?
460 1267 537 1342 Quid
559 1267 583 1323 si
608 1266 687 1328 dicat
709 1281 738 1326 et
762 1269 851 1342 alius,
873 1271 979 1328 coelum
1003 1284 1037 1328 et

275 1371 382 1417 terram
395 1357 516 1436 quidem
528 1355 705 1416 invisibilem
724 1357 928 1437 visibilemque
943 1373 1036 1419 natu-

275 1470 337 1508 ram
359 1470 418 1507 non
439 1448 609 1507 indecenter
631 1448 825 1528 appellatam3
847 1470 881 1509 ac
899 1472 953 1530 per
976 1451 1036 1511 hoc

182 1579 187 1584 -
274 1543 441 1603 universam
461 1553 624 1600 creaturam
642 1539 814 1617 quemfecit
832 1541 862 1598 in
876 1543 1035 1621 Sapientia,

274 1634 306 1691 id
321 1647 364 1692 est
375 1635 405 1691 in
418 1617 580 1709 Principio,
591 1635 686 1702 Deus,
699 1629 902 1708 hujuscemodi
916 1632 1035 1692 duobus

273 1725 426 1794 vocabulis
454 1743 516 1782 esse
539 1722 780 1801 comprehensam
805 1737 1036 1784 :verumtamen

276 1819 345 1896 quia
358 1839 416 1876 non
428 1816 464 1874 de
477 1817 541 1894 ipsa
558 1813 718 1872 substantia
735 1814 806 1885 Dei,
820 1814 871 1872 sed
885 1834 923 1873 ex
942 1815 1034 1874 nihilo

276 1922 382 1968 cuncta
395 1899 471 1967 lacta
484 1919 564 1977 sunt,
581 1905 648 1982 quia
665 1924 723 1961 non
734 1916 801 1962 sunt
811 1903 938 1983 idipsum
954 1907 1035 1983 quod

275 2001 369 2070 Deus,
384 2009 413 2056 et
431 1998 507 2054 inest
526 1994 657 2072 quaedam
679 1991 857 2052 mutabilitas
882 1995 1034 2068 omnibus,

276 2088 338 2146 sive
357 2078 505 2156 maneant,
531 2085 606 2142 sieut
627 2094 735 2140 aeterna
752 2082 855 2141 domus
877 2084 949 2156 Dei;
973 2085 1035 2144 sive

276 2185 441 2254 mutentur,
455 2177 531 2234 sicut
540 2176 636 2232 anima
646 2174 771 2232 hominis
782 2186 811 2230 et
821 2194 942 2253 corpus3
958 2195 1034 2234 com-

276 2287 394 2325 munem
408 2265 538 2323 omnium
552 2265 651 2320 rerum
662 2262 853 2321 invisibilium
861 2263 1035 2326 visibilium-

275 2377 334 2435 que
348 2355 497 2412 materiem
510 2354 609 2413 ,adhuc
623 2351 795 2426 informem,
809 2354 861 2412 sed
877 2367 956 2414 certe
973 2357 1035 2417 for·

276 2444 430 2516 mobilem,
452 2443 531 2500 unde
550 2443 634 2500 fieret
656 2439 759 2501 'coelum
784 2456 814 2502 et
841 2457 933 2518 terra,
946 2445 977 2502 id
991 2459 1034 2505 est

276 2535 428 2595 invisibilis
443 2548 530 2613 atque
548 2534 670 2593 visibilis
683 2533 745 2613 jam
763 2549 888 2614 utraque
911 2538 1034 2598 formata

278 2642 420 2700 creatura,
432 2628 476 2686 his
489 2625 655 2684 nominibus
667 2627 856 2699 collatinam,
868 2627 975 2705 quihus
985 2650 1035 2708 ap-

277 2722 435 2799 pellaretur
457 2721 545 2776 Terra
567 2717 715 2775 invisibilis
731 2731 759 2774 et
779 2725 976 2794 incomposita,
991 2732 1032 2792 et,

280 2810 415 2868 Tenebrae
434 2830 519 2887 super
541 2808 669 2884 abyssum
692 2831 701 2864 :
721 2829 755 2866 ea
779 2809 977 2883 distinctione,
1001 2823 1033 2869 ut

277 2916 353 2959 terra
368 2901 514 2958 invisibilis
527 2913 555 2957 et
570 2907 769 2975 incomposita.
778 2899 956 2976 intelligatur
973 2921 1034 2959 ma-

278 2993 363 3049 teries
379 2989 538 3068 corporalis
555 3002 621 3048 ante
636 2990 802 3067 qualitatem
819 2989 934 3063 formae3
952 3005 1032 3049 tene·

255 3117 257 3120 ·
279 3081 338 3140 brar
349 3094 445 3141 autem
458 3102 544 3157 snper
554 3081 692 3156 abyssum,
719 3080 876 3158 spiritualis
899 3082 1034 3140 materies
