2316 4020
246 519 294 566 134
430 519 454 564 S.
473 517 652 566 AUGUSTINI
669 517 810 566 EPISCOPI

243 616 323 693 quod
339 634 489 686 venerum,
502 627 542 692 ¹ut
555 613 691 672 docerem
701 618 803 672 Romae
820 627 910 673 artem
925 617 997 674 rhe-

243 706 379 777 toricam,
413 717 442 763 et
466 704 547 781 prius
568 704 647 761 dorni
673 722 848 782 congregare
873 705 997 782 aliquos,

243 794 350 871 quibus
369 806 398 851 et
418 813 472 871 per
489 813 561 870 quos
583 794 764 852 innotescere
783 813 944 870 coeperam
969 808 999 854 et

242 904 310 943 ecce
328 905 471 963 cognosco
492 884 546 942 alia
560 887 660 941 Romae
677 883 757 953 fieri,
781 903 846 961 quae
864 903 923 942 non
941 904 998 962 pa-

243 972 337 1031 tiebar
354 974 383 1030 in
403 973 508 1030 Africa.
535 977 607 1030 Nam
629 991 731 1030 revera
749 972 814 1030 illas
834 973 998 1031 eversiones

243 1082 260 1120 a
277 1063 399 1140 perditis
420 1060 654 1120 adolescentibus
677 1060 720 1119 ibi
741 1081 799 1119 non
820 1061 884 1119 fieri
904 1063 998 1120 mani-

242 1151 378 1211 festatum
398 1164 442 1210 est
461 1151 542 1209 milri.
567 1149 624 1210 Sed
646 1149 762 1222 subito,
787 1149 937 1228 inquiunt,
960 1172 997 1210 ne

243 1241 407 1299 mercedem
423 1240 560 1316 magistro
576 1238 713 1310 reddant,
732 1241 899 1317 conspirant
914 1242 999 1298 multi

243 1330 454 1400 adolescentes,
477 1341 506 1387 et
522 1327 698 1386 transferunt
716 1348 746 1386 se
765 1329 802 1386 ad
818 1327 905 1386 alium
915 1351 924 1400 3
946 1330 1000 1387 de-

242 1433 367 1479 sertores
380 1420 460 1492 fidei,
477 1432 505 1478 et
521 1418 628 1495 quibus
642 1439 703 1496 prae
714 1420 844 1496 pecuniae
858 1417 999 1478 charitate

239 1511 351 1587 justitia
365 1511 431 1568 vilis
446 1522 497 1568 est.
518 1509 627 1567 Oderat
643 1510 728 1568 etiam
743 1510 813 1567 istos
828 1529 999 1581 cormeum,

242 1599 374 1676 quamvis
388 1619 446 1656 non
468 1597 598 1676 perlecto
612 1597 690 1654 odio.
711 1597 796 1672 Quod
811 1597 886 1654 enim
904 1596 941 1655 ab
956 1599 998 1655 eis

243 1707 380 1765 passurus
397 1707 492 1758 eram,
514 1687 604 1764 magis
619 1687 737 1745 oderam
754 1687 887 1757 sortasse,
909 1707 996 1764 quam

242 1799 277 1838 eo
291 1779 369 1858 quod
385 1776 507 1836 cuilibet
520 1776 621 1834 illicita
634 1777 787 1834 faciehant.
807 1779 890 1834 Certe
903 1789 999 1836 tamen

242 1881 342 1946 turpes
353 1880 420 1925 sunt
434 1867 517 1938 tales,
527 1879 556 1923 et
571 1865 751 1923 fornicantur
763 1863 816 1922 abs
828 1877 865 1936 te,
874 1866 999 1924 amando

241 1958 367 2016 volatica
392 1956 519 2015 ludibria
557 1967 722 2032 temporum
753 1968 782 2013 et
809 1956 922 2014 lucrum
952 1959 998 2015 lu-

242 2060 338 2117 teum,
359 2045 525 2123 quodcum
545 2043 792 2120 apprehenditur,
813 2065 931 2103 manum
953 2048 1000 2104 in-

242 2137 358 2216 quinat3
386 2147 414 2193 et
437 2133 638 2211 amplectendo
666 2134 806 2192 mundum
829 2134 998 2213 lugientem,

242 2223 453 2282 contemnendo
467 2236 495 2281 te
509 2234 687 2296 manentem,
708 2236 738 2282 et
752 2238 951 2296 revocantem,
969 2240 998 2285 et

240 2316 437 2392 ignoscentem
460 2313 594 2370 redeunti
618 2313 655 2370 ad
680 2327 708 2371 te
730 2315 875 2373 meretrici
895 2315 997 2374 auimae

241 2403 384 2460 humanae.
408 2405 444 2458 Et
461 2419 538 2459 nunc
558 2401 629 2459 talos
647 2401 697 2459 odi
717 2423 824 2480 pravos
845 2417 874 2462 et
888 2405 996 2463 distor-

242 2505 297 2562 toS,
316 2492 448 2569 quamvis
467 2511 516 2549 eos
535 2491 722 2568 corrigendos
739 2492 873 2570 diligam,
891 2507 924 2552 ut
942 2514 996 2572 pc-

242 2579 335 2638 cuniae
355 2581 515 2638 doctrinam
534 2579 641 2657 ipsam,
661 2599 750 2656 quam
769 2582 897 2656 discunt,
919 2603 996 2661 prae-

240 2668 345 2742 ferant,
358 2671 386 2728 ei
396 2689 467 2729 vero
482 2683 509 2729 te
519 2671 613 2728 Deum
625 2671 776 2729 veritatem
789 2685 819 2730 et
831 2672 995 2732 ubertatem

242 2761 314 2817 corti
340 2760 412 2819 boni
436 2773 465 2818 et
488 2781 589 2838 pacem
616 2761 811 2820 castissimam.
841 2763 896 2821 Sed
926 2777 995 2822 tunc

242 2867 290 2906 eos
313 2851 404 2924 magis
429 2851 489 2925 pati
513 2849 648 2908 nolebam
672 2851 762 2919 malos
788 2865 910 2930 propter
931 2873 995 2925 me,

239 2956 329 3014 quam
343 2937 405 2994 fieri
419 2951 539 3015 propter
552 2950 581 3008 te
594 2937 686 2996 bonos
699 2939 843 2998 volebam.
