2394 4010
282 437 331 484 286
457 435 490 481 -S.
507 431 689 488 auousml
706 431 848 484 ursscorl

282 551 383 591 eorum
395 543 500 590 natura
512 531 623 592 videnti
637 553 645 590 r
658 533 749 591 Moles
761 544 821 606 θεὴ
836 534 926 593 moles
939 537 1034 595 minor

282 636 326 682 est
343 624 373 681 in
388 634 471 701 parte
487 640 574 699 quam
594 622 625 680 in
645 635 716 680 toto.
736 625 800 680 Jaru
821 633 853 680 tu
871 625 974 684 melior
987 629 1033 698 es}

282 712 335 769 tibi
353 710 435 785 dieo,
456 711 566 784 anima;
582 712 720 788 quoniam-
738 723 771 768 tu
788 724 905 789 vegetas
926 715 1032 774 molem

282 801 411 879 corporis
432 802 489 875 roi,
504 800 637 879 praebens
655 801 683 860 e'i
699 800 803 874 vitam,
822 801 902 878 quod
921 805 1033 864 nullum

282 891 388 970 corpus
399 902 516 971 prostat
529 892 657 971 eor-porir
668 896 747 951 Deus
759 904 855 952 autem
868 905 934 952 tuus
945 895 1031 954 etiarn

282 981 487 1041 rihivitaevita
501 985 574 1042 estu
881 1007 885 1014 ·

542 1179 675 1242 uaPuu
689 1181 769 1244 -v11.
842 1171 848 1178 ¹

309 1371 430 1434 Corporea
448 1375 491 1418 aur
504 1365 619 1418 sensitiva
631 1366 721 1418 virtute
731 1371 797 1419 Deus
807 1383 856 1419 non
868 1369 996 1422 invenitur.

324 1528 368 1585 ll.
383 1528 460 1602 Quid
473 1547 543 1606 ergo
556 1545 636 1600 amo,
649 1547 716 1586 eum
729 1533 824 1586 Deum
838 1547 934 1587 meum
947 1531 1033 1587 amo?

189 1686 191 1690 ,
257 1616 352 1693 'Quis
375 1631 418 1676 est
440 1619 489 1676 ille
511 1637 599 1696 super
624 1630 713 1696 caput
734 1617 836 1676 animas
861 1621 955 1678 mear?
979 1622 1033 1678 Per

280 1711 373 1786 ipsam
384 1707 508 1766 animam
518 1726 612 1766 meam
624 1706 777 1765 ascendam
788 1707 824 1764 ad
834 1708 925 1766 illum.
932 1713 1034 1766 Trans-

281 1797 331 1855 ibo
345 1799 404 1856 vim
416 1799 523 1868 meam,
538 1817 597 1874 qua
611 1796 710 1856 haereo
722 1797 852 1875 corpori,
867 1810 897 1856 et
907 1799 1033 1856 vitaliter

282 1907 450 1966 compagem
480 1886 542 1966 ejus
569 1887 678 1966 repleo.
705 1891 771 1944 Nou
798 1907 832 1945 ea
860 1889 890 1944 vi
918 1890 1032 1967 reperio

281 1985 375 2039 Deum
391 1999 487 2037 meum
502 2000 510 2035 ε
526 1997 593 2036 nam
606 1978 749 2056 reperiret
760 1991 791 2036 et
803 1997 909 2056 equus,
923 1992 952 2037 et
966 1999 1032 2037 mu·

281 2068 340 2138 lus,
351 2065 458 2142 quibus
468 2085 526 2123 uon
538 2077 582 2124 est
590 2065 752 2124 intellectus
761 2075 787 2137 ¹3
798 2067 867 2143 quia
878 2067 1033 2126 osteadens

281 2159 325 2216 vis
339 2177 397 2234 qua
410 2157 512 2214 vivunt
530 2156 617 2214 etiam
635 2175 737 2214 eorum
757 2175 890 2234 corpora.
908 2161 958 2214 Est
978 2157 1033 2216 alia

281 2250 324 2304 vis
338 2266 395 2304 non
406 2247 499 2303 solum
511 2265 570 2321 qua
580 2245 715 2317 vivifico,
726 2245 777 2304 sed
791 2246 878 2304 etiam
890 2265 948 2322 qua
965 2266 1032 2304 seu-

280 2338 360 2395 sifico
374 2356 488 2395 carnem
503 2355 596 2394 meam
610 2355 697 2412 quam
714 2336 786 2396 mihi
803 2335 955 2396 fabricavit
969 2341 1032 2396 Do-

281 2428 391 2498 minus;
402 2425 507 2504 jubens
520 2426 607 2484 oculo
621 2437 655 2485 ut
671 2447 729 2486 non
745 2427 858 2499 audiat,
875 2441 905 2486 et
923 2430 988 2487 auri
1000 2442 1034 2487 ut

278 2538 338 2588 ‚non
352 2518 465 2591 videam
477 2519 528 2578 sed
539 2519 581 2578 illi
594 2537 748 2597 perquem
758 2517 886 2592 videam,
898 2518 967 2577 huic
981 2539 1034 2597 per

281 2627 368 2686 quam
382 2607 498 2667 audiam
516 2630 524 2666 a
542 2619 574 2666 et
584 2609 723 2687 propria·
737 2609 900 2686 singillatim
924 2610 1033 2667 oaerems

281 2698 411 2758 sensibus
424 2697 541 2758 sedibus
559 2699 618 2757 suis
635 2711 665 2758 et
680 2684 784 2758 offidiis
803 2701 880 2770 suis;
895 2718 970 2776 quae
984 2699 1031 2758 di-

281 2811 364 2849 versa
375 2810 429 2869 per
442 2810 492 2849 eos
505 2809 562 2868 ago
572 2810 651 2849 unus
663 2809 717 2870 ego
731 2791 843 2848 animus
853 2791 877 2848 *.
893 2787 1032 2850 Transibo

281 2893 310 2937 et
322 2879 407 2938 istam
419 2880 478 2938 vim
492 2898 586 2938 meam
600 2898 689 2938 :uam
703 2890 731 2937 et
742 2878 818 2936 hane
829 2878 918 2939 habet
928 2897 1034 2955 equus,

281 2983 310 3026 et
323 2963 435 3041 mulus3
453 2971 581 3030 sentiunt
592 2969 667 3030 euim
681 2970 768 3030 etiam
782 2971 836 3048 ipsi
850 2989 903 3048 per
918 2989 1034 3048 corpus.

318 3149 483 3210 1Ρειι1.κιιῐ,
496 3156 523 3202 9.
