2356 4018
248 363 297 409 236
427 361 454 416 ,8.
474 357 656 409 AUGUSTIM
673 359 817 410 Emeum

246 463 310 516 Deo
329 458 401 514 suo?
414 455 556 514 Dominus
574 460 654 514 Deus
672 475 774 514 eorum
789 475 837 514 me
854 456 935 518 dedit
948 461 999 520 eis.

247 547 324 622 Quid
337 549 367 605 in
381 558 410 605 te
423 558 537 616 smeret
550 565 608 603 non
618 557 675 604 stas
683 547 699 600 i.
707 544 825 622 Projice
835 558 863 605 te
876 547 907 606 in
918 567 999 621 eurn3
1035 605 1037 609 ,

160 647 165 662 ’
247 637 306 695 noli
320 649 463 706 metuere,
475 655 534 692 non
555 626 757 708 se⁶subtrabet
769 635 903 694 utcadas
912 657 920 693 z
930 657 999 716 pro-

244 725 304 802 jice
314 739 342 787 te
352 745 483 796 securus,
497 725 627 802 excipiet,
635 738 665 783 et
677 723 790 783 sanabit
801 737 837 784 te.
848 729 885 785 Et
895 727 1000 788 embe-

248 815 363 880 soebam
383 815 481 886 nimis,
496 815 694 891 quia‘illarum
711 833 855 891 nugarum
868 835 1001 878 murmur

248 905 344 986 adhue
357 904 523 974 audiebam,
546 917 575 962 et
594 897 814 962 cunctabundus
827 904 1000 982 pendebam.

207 993 218 1010 '
248 997 285 1051 Et
294 1014 394 1068 rursus
414 995 478 1064 illa,
499 981 582 1070 guasi
603 991 713 1054 diceret
728 1014 741 1068 ι,
750 992 935 1055 obsurdesce
950 996 1003 1055 ad-

249 1103 349 1141 versus
362 1081 511 1140 immunda
519 1082 568 1139 illa
578 1079 710 1141 membra
723 1093 773 1150 tua
785 1096 1002 1160 superterram,

250 1173 511 1250 utmortiiioentur.
523 1175 649 1228 Narrant
659 1168 711 1228 tibi
726 1170 942 1246 delectationes,
950 1173 1002 1233 sed

252 1283 309 1321 non
324 1264 399 1326 sieut
414 1264 462 1321 lex
476 1262 594 1320 Domini
609 1260 663 1340 Dei
680 1261 750 1326 tuiz
766 1264 824 1320 Ista
837 1275 1004 1324 controver-

251 1353 293 1410 sia
306 1354 337 1412 in
352 1351 439 1416 corde
453 1371 531 1422 meo,
547 1363 605 1409 non
617 1351 672 1411 nisi
689 1349 849 1428 defflmeipso
860 1350 1000 1416 adversus

252 1439 402 1520 meipsuin.
416 1447 454 1500 At
466 1442 588 1519 Alypius
605 1441 708 1500 affixus
716 1441 808 1499 ‚lateri
821 1460 897 1514 meo,
911 1442 1001 1502 inusi-

253 1534 302 1592 tati
323 1545 418 1592 motus
436 1535 493 1592 mei
511 1533 621 1615 exitum
643 1533 746 1592 tacitus
764 1531 985 1612 opperiebatur-
1017 1546 1030 1568 *

512 1675 646 1766 emur
665 1675 740 1764 rur.

340 1831 412 1908 Vocis
425 1857 549 1910 admonitu
567 1853 687 1928 quomodo
699 1864 762 1906 totus
778 1871 914 1908 conversus.
935 1865 939 1872 '

293 2005 341 2063 28.
355 2003 414 2064 Ubi
426 2025 496 2064 vero
510 2024 530 2062 a
540 2004 751 2090 sundo‘arcan'o
769 2003 826 2062 alta
840 2003 1005 2063 considera-

255 2098 295 2154 tio
310 2094 451 2154 contraxit
461 2106 490 2151 et
504 2095 645 2171 congessit
659 2107 747 2152 totam
756 2093 900 2152 miseriam
910 2113 1003 2152 meam

254 2186 284 2242 in
298 2195 491 2261 conspectum·
503 2183 597 2241 cordis
611 2184 682 2254 mei,
701 2181 804 2260 oborta
822 2195 865 2240 est
877 2182 1005 2262 procelia

253 2276 372 2350 ingens,
388 2272 482 2331 ferens
495 2275 639 2351 ingentem
652 2273 781 2331 imbrem
799 2275 1004 2352 lacrymarum.

255 2367 291 2419 Et
303 2375 336 2420 ut
349 2373 442 2425 totum
456 2362 635 2422 effunderem
647 2382 713 2420 cnm
724 2361 845 2421 vocibus
857 2363 929 2434 suis,
942 2381 1010 2422 sur-.

255 2453 317 2509 rexi
341 2451 379 2511 ab
403 2453 534 2531 Alypio:
553 2453 678 2512 solitudo
701 2453 772 2511 mihi
796 2452 834 2509 ad
858 2453 1006 2530 negotium

256 2541 343 2600 flendi
355 2543 449 2620 aptior
463 2530 685 2622 suggerebatur}
699 2555 727 2600 et
741 2543 843 2602 secessi
856 2543 1006 2614 remotius,

256 2606 394 2706 quarffirt
411 2645 508 2710 posset
525 2633 596 2690 mihi
615 2651 737 2690 onerosa
755 2651 823 2690 esse·
836 2631 921 2690 etiam

255 2721 415 2796 praesentia.
432 2721 477 2780 Sic
491 2733 559 2778 tunc
569 2739 664 2790 eram,
679 2731 708 2776 et
724 2718 773 2776 ille
786 2718 875 2775 sensit
888 2738 897 2774 :
908 2717 1006 2775 neseio
1049 2781 1056 2792 ⁸

257 2808 345 2882 quid*
362 2809 458 2881 enirn,-
469 2821 555 2887 puto‚
572 2808 715 2879 dixeram,
728 2807 758 2864 in
776 2825 835 2883 quo
845 2804 1007 2885 'apparebat

258 2915 344 2956 sonus
356 2899 435 2957 vocis
449 2901 520 2956 mee
526 2897 587 2976 jam
602 2898 672 2958 fletu
682 2896 835 2976 gravidus,
848 2897 930 2957 etsie
938 2907 1006 2956 'sur-

295 3063 377 3112 ¹Psat
395 3066 537 3122 emunit.
579 3119 583 3126 Ι
609 3106 612 3110 .
