<?xml version="1.0" encoding="UTF-8"?>
<!DOCTYPE html PUBLIC "-//W3C//DTD XHTML 1.0 Transitional//EN"
    "http://www.w3.org/TR/xhtml1/DTD/xhtml1-transitional.dtd">
<html xmlns="http://www.w3.org/1999/xhtml" xml:lang="en" lang="en">
 <head>
  <title>
</title>
<meta http-equiv="Content-Type" content="text/html;charset=utf-8" />
  <meta name='ocr-system' content='tesseract 3.04.00' />
  <meta name='ocr-capabilities' content='ocr_page ocr_carea ocr_par ocr_line ocrx_word'/>
</head>
<body>
  <div class='ocr_page' id='page_1' title='image "./confessionumlib00maugoog_0334.png"; bbox 0 0 2384 4052; ppageno 0'>
   <div class='ocr_carea' id='block_1_1' title="bbox 291 457 862 514">
    <p class='ocr_par' dir='ltr' id='par_1_1' title="bbox 291 457 862 514">
     <span class='ocr_line' id='line_1_1' title="bbox 291 457 862 514; baseline -0.016 0"><span class='ocrx_word' id='word_1_1' title='bbox 291 467 342 514; x_wconf 78' lang='lat'><strong>³02</strong></span> <span class='ocrx_word' id='word_1_2' title='bbox 476 461 502 508; x_wconf 84' lang='lat' dir='ltr'><strong>S.</strong></span> <span class='ocrx_word' id='word_1_3' title='bbox 522 459 702 508; x_wconf 75' lang='lat' dir='ltr'><strong>tussustuu</strong></span> <span class='ocrx_word' id='word_1_4' title='bbox 720 457 862 508; x_wconf 79' lang='lat' dir='ltr'>EPISOOPI</span> 
     </span>
    </p>
   </div>
   <div class='ocr_carea' id='block_1_2' title="bbox 243 559 1050 2345">
    <p class='ocr_par' dir='ltr' id='par_1_2' title="bbox 243 559 1050 2345">
     <span class='ocr_line' id='line_1_2' title="bbox 288 559 1050 642; baseline -0.007 -19"><span class='ocrx_word' id='word_1_5' title='bbox 288 565 353 642; x_wconf 86' lang='lat' dir='ltr'><strong>ejus</strong></span> <span class='ocrx_word' id='word_1_6' title='bbox 367 574 455 633; x_wconf 84' lang='lat' dir='ltr'><strong>esset,</strong></span> <span class='ocrx_word' id='word_1_7' title='bbox 469 580 528 619; x_wconf 90' lang='lat' dir='ltr'><strong>non</strong></span> <span class='ocrx_word' id='word_1_8' title='bbox 545 559 687 619; x_wconf 89' lang='lat' dir='ltr'><strong>inveniret</strong></span> <span class='ocrx_word' id='word_1_9' title='bbox 701 579 774 618; x_wconf 84' lang='lat' dir='ltr'><strong>enm.</strong></span> <span class='ocrx_word' id='word_1_10' title='bbox 788 564 860 619; x_wconf 87' lang='lat' dir='ltr'><strong>Cum</strong></span> <span class='ocrx_word' id='word_1_11' title='bbox 876 560 952 617; x_wconf 86' lang='lat' dir='ltr'><strong>enim</strong></span> <span class='ocrx_word' id='word_1_12' title='bbox 973 573 1050 618; x_wconf 83' lang='lat' dir='ltr'><strong>esset</strong></span> 
     </span>
     <span class='ocr_line' id='line_1_3' title="bbox 289 649 1047 727; baseline -0.008 -15"><span class='ocrx_word' id='word_1_13' title='bbox 289 657 421 724; x_wconf 77' lang='lat' dir='ltr'><strong>inventa,</strong></span> <span class='ocrx_word' id='word_1_14' title='bbox 435 651 514 710; x_wconf 87' lang='lat' dir='ltr'><strong>unde</strong></span> <span class='ocrx_word' id='word_1_15' title='bbox 533 652 621 709; x_wconf 87' lang='lat' dir='ltr'><strong>sciret</strong></span> <span class='ocrx_word' id='word_1_16' title='bbox 637 663 735 708; x_wconf 90' lang='lat' dir='ltr'><strong>utrum</strong></span> <span class='ocrx_word' id='word_1_17' title='bbox 749 650 812 727; x_wconf 88' lang='lat' dir='ltr'><strong>ipsa</strong></span> <span class='ocrx_word' id='word_1_18' title='bbox 832 662 919 721; x_wconf 85' lang='lat' dir='ltr'><strong>esset,</strong></span> <span class='ocrx_word' id='word_1_19' title='bbox 936 649 961 707; x_wconf 90' lang='lat' dir='ltr'><strong>si</strong></span> <span class='ocrx_word' id='word_1_20' title='bbox 981 667 1047 707; x_wconf 63' lang='lat' dir='ltr'><strong>me«</strong></span> 
     </span>
     <span class='ocr_line' id='line_1_4' title="bbox 290 739 1048 821; baseline -0.007 -18"><span class='ocrx_word' id='word_1_21' title='bbox 290 763 356 803; x_wconf 88' lang='lat' dir='ltr'><strong>mor</strong></span> <span class='ocrx_word' id='word_1_22' title='bbox 373 743 436 821; x_wconf 86' lang='lat' dir='ltr'><strong>ejus</strong></span> <span class='ocrx_word' id='word_1_23' title='bbox 455 762 513 800; x_wconf 91' lang='lat' dir='ltr'><strong>non</strong></span> <span class='ocrx_word' id='word_1_24' title='bbox 526 743 619 800; x_wconf 84' lang='lat' dir='ltr'><strong>esset?</strong></span> <span class='ocrx_word' id='word_1_25' title='bbox 630 741 722 798; x_wconf 85' lang='lat' dir='ltr'><strong>Multa</strong></span> <span class='ocrx_word' id='word_1_26' title='bbox 737 739 856 798; x_wconf 87' lang='lat' dir='ltr'><strong>memini</strong></span> <span class='ocrx_word' id='word_1_27' title='bbox 867 759 919 798; x_wconf 91' lang='lat' dir='ltr'><strong>me</strong></span> <span class='ocrx_word' id='word_1_28' title='bbox 930 739 1048 816; x_wconf 85' lang='lat' dir='ltr'><strong>perdita</strong></span> 
     </span>
     <span class='ocr_line' id='line_1_5' title="bbox 290 828 1047 911; baseline -0.007 -18"><span class='ocrx_word' id='word_1_29' title='bbox 290 834 426 911; x_wconf 87' lang='lat' dir='ltr'><strong>quaesisse</strong></span> <span class='ocrx_word' id='word_1_30' title='bbox 441 847 529 910; x_wconf 86' lang='lat' dir='ltr'><strong>atque</strong></span> <span class='ocrx_word' id='word_1_31' title='bbox 541 831 694 890; x_wconf 84' lang='lat' dir='ltr'><strong>invenisse.</strong></span> <span class='ocrx_word' id='word_1_32' title='bbox 707 830 779 890; x_wconf 91' lang='lat' dir='ltr'><strong>Inde</strong></span> <span class='ocrx_word' id='word_1_33' title='bbox 794 829 872 887; x_wconf 90' lang='lat' dir='ltr'><strong>istud</strong></span> <span class='ocrx_word' id='word_1_34' title='bbox 886 828 961 900; x_wconf 90' lang='lat' dir='ltr'><strong>scio,</strong></span> <span class='ocrx_word' id='word_1_35' title='bbox 976 829 1047 906; x_wconf 84' lang='lat' dir='ltr'><strong>quia</strong></span> 
     </span>
     <span class='ocr_line' id='line_1_6' title="bbox 243 920 1047 1002; baseline -0.012 -15"><span class='ocrx_word' id='word_1_36' title='bbox 243 963 246 970; x_wconf 95' lang='lat'>·</span> <span class='ocrx_word' id='word_1_37' title='bbox 291 946 357 986; x_wconf 88' lang='lat' dir='ltr'><strong>cum</strong></span> <span class='ocrx_word' id='word_1_38' title='bbox 383 943 542 1002; x_wconf 74' lang='lat' dir='ltr'><strong>quaererem</strong></span> <span class='ocrx_word' id='word_1_39' title='bbox 566 921 675 998; x_wconf 87' lang='lat' dir='ltr'><strong>aliquid</strong></span> <span class='ocrx_word' id='word_1_40' title='bbox 701 940 817 990; x_wconf 90' lang='lat' dir='ltr'><strong>corum,</strong></span> <span class='ocrx_word' id='word_1_41' title='bbox 844 932 873 979; x_wconf 90' lang='lat' dir='ltr'><strong>et</strong></span> <span class='ocrx_word' id='word_1_42' title='bbox 897 920 1047 979; x_wconf 86' lang='lat' dir='ltr'><strong>diceretur</strong></span> 
     </span>
     <span class='ocr_line' id='line_1_7' title="bbox 291 1009 1047 1086; baseline -0.007 -12"><span class='ocrx_word' id='word_1_43' title='bbox 291 1015 378 1086; x_wconf 88' lang='lat' dir='ltr'><strong>mihi,</strong></span> <span class='ocrx_word' id='word_1_44' title='bbox 388 1019 464 1073; x_wconf 91' lang='lat' dir='ltr'><strong>Num</strong></span> <span class='ocrx_word' id='word_1_45' title='bbox 479 1014 553 1070; x_wconf 83' lang='lat' dir='ltr'><strong>forte</strong></span> <span class='ocrx_word' id='word_1_46' title='bbox 567 1012 623 1069; x_wconf 90' lang='lat' dir='ltr'><strong>hoc</strong></span> <span class='ocrx_word' id='word_1_47' title='bbox 636 1022 691 1082; x_wconf 86' lang='lat' dir='ltr'><strong>est,</strong></span> <span class='ocrx_word' id='word_1_48' title='bbox 705 1031 775 1070; x_wconf 89' lang='lat' dir='ltr'><strong>num</strong></span> <span class='ocrx_word' id='word_1_49' title='bbox 788 1010 862 1070; x_wconf 89' lang='lat' dir='ltr'><strong>forte</strong></span> <span class='ocrx_word' id='word_1_50' title='bbox 874 1009 964 1068; x_wconf 81' lang='lat' dir='ltr'><strong>ittudt</strong></span> <span class='ocrx_word' id='word_1_51' title='bbox 975 1023 1047 1069; x_wconf 81' lang='lat' dir='ltr'><strong>tam·</strong></span> 
     </span>
     <span class='ocr_line' id='line_1_8' title="bbox 292 1099 1047 1177; baseline -0.004 -15"><span class='ocrx_word' id='word_1_52' title='bbox 292 1107 343 1164; x_wconf 92' lang='lat' dir='ltr'><strong>diu</strong></span> <span class='ocrx_word' id='word_1_53' title='bbox 357 1103 503 1172; x_wconf 85' lang='lat' dir='ltr'><strong>dicebam,</strong></span> <span class='ocrx_word' id='word_1_54' title='bbox 515 1107 581 1160; x_wconf 90' lang='lat' dir='ltr'><strong>Non</strong></span> <span class='ocrx_word' id='word_1_55' title='bbox 591 1113 645 1172; x_wconf 88' lang='lat' dir='ltr'><strong>est,</strong></span> <span class='ocrx_word' id='word_1_56' title='bbox 658 1101 750 1158; x_wconf 89' lang='lat' dir='ltr'><strong>donec</strong></span> <span class='ocrx_word' id='word_1_57' title='bbox 759 1099 790 1158; x_wconf 94' lang='lat' dir='ltr'><strong>id</strong></span> <span class='ocrx_word' id='word_1_58' title='bbox 801 1101 957 1158; x_wconf 80' lang='lat' dir='ltr'><strong>offerretur</strong></span> <span class='ocrx_word' id='word_1_59' title='bbox 965 1101 1047 1177; x_wconf 91' lang='lat' dir='ltr'><strong>quod</strong></span> 
     </span>
     <span class='ocr_line' id='line_1_9' title="bbox 290 1190 1046 1272; baseline -0.004 -20"><span class='ocrx_word' id='word_1_60' title='bbox 290 1191 467 1272; x_wconf 75' lang='lat' dir='ltr'><strong>quaerebam.</strong></span> <span class='ocrx_word' id='word_1_61' title='bbox 482 1190 570 1267; x_wconf 84' lang='lat' dir='ltr'><strong>Cujus</strong></span> <span class='ocrx_word' id='word_1_62' title='bbox 584 1191 640 1249; x_wconf 88' lang='lat' dir='ltr'><strong>nisi</strong></span> <span class='ocrx_word' id='word_1_63' title='bbox 653 1209 764 1248; x_wconf 84' lang='lat' dir='ltr'><strong>memor</strong></span> <span class='ocrx_word' id='word_1_64' title='bbox 780 1209 887 1261; x_wconf 87' lang='lat' dir='ltr'><strong>essem,</strong></span> <span class='ocrx_word' id='word_1_65' title='bbox 902 1191 1046 1267; x_wconf 88' lang='lat' dir='ltr'><strong>quidquid</strong></span> 
     </span>
     <span class='ocr_line' id='line_1_10' title="bbox 290 1281 1046 1353; baseline -0.001 -11"><span class='ocrx_word' id='word_1_66' title='bbox 290 1282 364 1342; x_wconf 86' lang='lat' dir='ltr'><strong>illud</strong></span> <span class='ocrx_word' id='word_1_67' title='bbox 381 1293 470 1353; x_wconf 85' lang='lat' dir='ltr'><strong>esset,</strong></span> <span class='ocrx_word' id='word_1_68' title='bbox 484 1281 571 1339; x_wconf 88' lang='lat' dir='ltr'><strong>ctiam</strong></span> <span class='ocrx_word' id='word_1_69' title='bbox 586 1281 611 1338; x_wconf 92' lang='lat' dir='ltr'><strong>si</strong></span> <span class='ocrx_word' id='word_1_70' title='bbox 631 1282 702 1338; x_wconf 88' lang='lat' dir='ltr'><strong>mihi</strong></span> <span class='ocrx_word' id='word_1_71' title='bbox 722 1281 879 1341; x_wconf 82' lang='lat' dir='ltr'><strong>offerretur</strong></span> <span class='ocrx_word' id='word_1_72' title='bbox 890 1301 947 1340; x_wconf 92' lang='lat' dir='ltr'><strong>non</strong></span> <span class='ocrx_word' id='word_1_73' title='bbox 961 1282 1046 1341; x_wconf 88' lang='lat' dir='ltr'><strong>inve-</strong></span> 
     </span>
     <span class='ocr_line' id='line_1_11' title="bbox 291 1370 1045 1450; baseline -0.004 -19"><span class='ocrx_word' id='word_1_74' title='bbox 291 1373 397 1444; x_wconf 90' lang='lat' dir='ltr'><strong>nirem,</strong></span> <span class='ocrx_word' id='word_1_75' title='bbox 410 1370 478 1448; x_wconf 88' lang='lat' dir='ltr'><strong>quia</strong></span> <span class='ocrx_word' id='word_1_76' title='bbox 493 1390 551 1427; x_wconf 91' lang='lat' dir='ltr'><strong>non</strong></span> <span class='ocrx_word' id='word_1_77' title='bbox 564 1389 759 1447; x_wconf 85' lang='lat' dir='ltr'><strong>agnoscerem.</strong></span> <span class='ocrx_word' id='word_1_78' title='bbox 776 1375 812 1428; x_wconf 88' lang='lat' dir='ltr'><strong>Et</strong></span> <span class='ocrx_word' id='word_1_79' title='bbox 822 1391 936 1450; x_wconf 88' lang='lat' dir='ltr'><strong>semper</strong></span> <span class='ocrx_word' id='word_1_80' title='bbox 946 1372 987 1428; x_wconf 82' lang='lat' dir='ltr'><strong>ita</strong></span> <span class='ocrx_word' id='word_1_81' title='bbox 1000 1372 1045 1443; x_wconf 89' lang='lat' dir='ltr'><strong>fit,</strong></span> 
     </span>
     <span class='ocr_line' id='line_1_12' title="bbox 292 1461 1043 1540; baseline -0.004 -18"><span class='ocrx_word' id='word_1_82' title='bbox 292 1483 358 1522; x_wconf 85' lang='lat' dir='ltr'><strong>cum</strong></span> <span class='ocrx_word' id='word_1_83' title='bbox 372 1462 483 1540; x_wconf 89' lang='lat' dir='ltr'><strong>aliquid</strong></span> <span class='ocrx_word' id='word_1_84' title='bbox 495 1461 643 1540; x_wconf 86' lang='lat' dir='ltr'><strong>perditum</strong></span> <span class='ocrx_word' id='word_1_85' title='bbox 659 1462 816 1538; x_wconf 84' lang='lat' dir='ltr'><strong>quaerimus</strong></span> <span class='ocrx_word' id='word_1_86' title='bbox 833 1475 861 1521; x_wconf 91' lang='lat' dir='ltr'><strong>et</strong></span> <span class='ocrx_word' id='word_1_87' title='bbox 873 1463 1043 1522; x_wconf 88' lang='lat' dir='ltr'><strong>invenimus.</strong></span> 
     </span>
     <span class='ocr_line' id='line_1_13' title="bbox 292 1549 1044 1630; baseline -0.004 -17"><span class='ocrx_word' id='word_1_88' title='bbox 292 1560 497 1613; x_wconf 84' lang='lat' dir='ltr'><strong>Verumtamen</strong></span> <span class='ocrx_word' id='word_1_89' title='bbox 516 1551 540 1611; x_wconf 90' lang='lat' dir='ltr'><strong>si</strong></span> <span class='ocrx_word' id='word_1_90' title='bbox 560 1549 637 1610; x_wconf 70' lang='lat' dir='ltr'><strong>brte</strong></span> <span class='ocrx_word' id='word_1_91' title='bbox 659 1553 770 1630; x_wconf 82' lang='lat' dir='ltr'><strong>aliquid</strong></span> <span class='ocrx_word' id='word_1_92' title='bbox 790 1552 828 1611; x_wconf 86' lang='lat' dir='ltr'><strong>ab</strong></span> <span class='ocrx_word' id='word_1_93' title='bbox 843 1553 1044 1630; x_wconf 82' lang='lat' dir='ltr'><strong>oculis-perit,</strong></span> 
     </span>
     <span class='ocr_line' id='line_1_14' title="bbox 291 1643 1044 1721; baseline -0.003 -19"><span class='ocrx_word' id='word_1_94' title='bbox 291 1665 350 1702; x_wconf 89' lang='lat' dir='ltr'><strong>non</strong></span> <span class='ocrx_word' id='word_1_95' title='bbox 372 1665 389 1702; x_wconf 86' lang='lat' dir='ltr'><strong>a</strong></span> <span class='ocrx_word' id='word_1_96' title='bbox 407 1644 560 1713; x_wconf 84' lang='lat' dir='ltr'><strong>memoria,</strong></span> <span class='ocrx_word' id='word_1_97' title='bbox 574 1644 666 1702; x_wconf 87' lang='lat' dir='ltr'><strong>veluti</strong></span> <span class='ocrx_word' id='word_1_98' title='bbox 684 1663 790 1721; x_wconf 87' lang='lat' dir='ltr'><strong>corpus</strong></span> <span class='ocrx_word' id='word_1_99' title='bbox 806 1643 959 1721; x_wconf 87' lang='lat' dir='ltr'><strong>quodlibet</strong></span> <span class='ocrx_word' id='word_1_100' title='bbox 972 1643 1044 1701; x_wconf 88' lang='lat' dir='ltr'><strong>visi-</strong></span> 
     </span>
     <span class='ocr_line' id='line_1_15' title="bbox 292 1731 1046 1810; baseline -0.007 -17"><span class='ocrx_word' id='word_1_101' title='bbox 292 1734 365 1804; x_wconf 88' lang='lat' dir='ltr'><strong>bile,</strong></span> <span class='ocrx_word' id='word_1_102' title='bbox 392 1745 506 1792; x_wconf 86' lang='lat' dir='ltr'><strong>tenetur</strong></span> <span class='ocrx_word' id='word_1_103' title='bbox 531 1733 610 1790; x_wconf 91' lang='lat' dir='ltr'><strong>intus</strong></span> <span class='ocrx_word' id='word_1_104' title='bbox 634 1733 730 1808; x_wconf 84' lang='lat' dir='ltr'><strong>imago</strong></span> <span class='ocrx_word' id='word_1_105' title='bbox 751 1731 829 1808; x_wconf 87' lang='lat' dir='ltr'><strong>ejus,</strong></span> <span class='ocrx_word' id='word_1_106' title='bbox 853 1745 882 1790; x_wconf 90' lang='lat' dir='ltr'><strong>et</strong></span> <span class='ocrx_word' id='word_1_107' title='bbox 903 1733 1046 1810; x_wconf 85' lang='lat' dir='ltr'><strong>quaeritur</strong></span> 
     </span>
     <span class='ocr_line' id='line_1_16' title="bbox 293 1823 1045 1900; baseline -0.003 -18"><span class='ocrx_word' id='word_1_108' title='bbox 293 1826 385 1886; x_wconf 83' lang='lat' dir='ltr'><strong>donec</strong></span> <span class='ocrx_word' id='word_1_109' title='bbox 407 1824 546 1883; x_wconf 87' lang='lat' dir='ltr'><strong>reddatur</strong></span> <span class='ocrx_word' id='word_1_110' title='bbox 566 1823 703 1900; x_wconf 86' lang='lat' dir='ltr'><strong>aspectui.</strong></span> <span class='ocrx_word' id='word_1_111' title='bbox 716 1823 802 1897; x_wconf 90' lang='lat' dir='ltr'><strong>Quod</strong></span> <span class='ocrx_word' id='word_1_112' title='bbox 814 1843 879 1882; x_wconf 92' lang='lat' dir='ltr'><strong>cum</strong></span> <span class='ocrx_word' id='word_1_113' title='bbox 895 1823 1045 1881; x_wconf 86' lang='lat' dir='ltr'><strong>inventum</strong></span> 
     </span>
     <span class='ocr_line' id='line_1_17' title="bbox 293 1914 1043 1991; baseline -0.005 -18"><span class='ocrx_word' id='word_1_114' title='bbox 293 1916 396 1988; x_wconf 84' lang='lat' dir='ltr'><strong>fucrit,</strong></span> <span class='ocrx_word' id='word_1_115' title='bbox 412 1935 448 1973; x_wconf 87' lang='lat' dir='ltr'><strong>cx</strong></span> <span class='ocrx_word' id='word_1_116' title='bbox 462 1915 586 1991; x_wconf 84' lang='lat' dir='ltr'><strong>imagine</strong></span> <span class='ocrx_word' id='word_1_117' title='bbox 599 1933 664 1990; x_wconf 85' lang='lat' dir='ltr'><strong>quae</strong></span> <span class='ocrx_word' id='word_1_118' title='bbox 676 1914 752 1971; x_wconf 89' lang='lat' dir='ltr'><strong>intus</strong></span> <span class='ocrx_word' id='word_1_119' title='bbox 764 1925 806 1972; x_wconf 91' lang='lat' dir='ltr'><strong>est</strong></span> <span class='ocrx_word' id='word_1_120' title='bbox 817 1914 1043 1990; x_wconf 81' lang='lat' dir='ltr'><strong>recognoscitur.</strong></span> 
     </span>
     <span class='ocr_line' id='line_1_18' title="bbox 292 2002 1044 2083; baseline 0 -21"><span class='ocrx_word' id='word_1_121' title='bbox 292 2010 352 2062; x_wconf 85' lang='lat' dir='ltr'><strong>Nec</strong></span> <span class='ocrx_word' id='word_1_122' title='bbox 373 2004 517 2064; x_wconf 88' lang='lat' dir='ltr'><strong>invenisse</strong></span> <span class='ocrx_word' id='word_1_123' title='bbox 538 2024 591 2062; x_wconf 91' lang='lat' dir='ltr'><strong>nos</strong></span> <span class='ocrx_word' id='word_1_124' title='bbox 611 2002 734 2061; x_wconf 88' lang='lat' dir='ltr'><strong>dicimus</strong></span> <span class='ocrx_word' id='word_1_125' title='bbox 758 2005 837 2082; x_wconf 89' lang='lat' dir='ltr'><strong>quod</strong></span> <span class='ocrx_word' id='word_1_126' title='bbox 858 2004 1001 2083; x_wconf 83' lang='lat' dir='ltr'><strong>perierat,</strong></span> <span class='ocrx_word' id='word_1_127' title='bbox 1020 2006 1044 2063; x_wconf 90' lang='lat' dir='ltr'><strong>si</strong></span> 
     </span>
     <span class='ocr_line' id='line_1_19' title="bbox 292 2093 1045 2172; baseline 0 -22"><span class='ocrx_word' id='word_1_128' title='bbox 292 2113 350 2151; x_wconf 91' lang='lat' dir='ltr'><strong>non</strong></span> <span class='ocrx_word' id='word_1_129' title='bbox 371 2094 568 2171; x_wconf 83' lang='lat' dir='ltr'><strong>agnoscimus;</strong></span> <span class='ocrx_word' id='word_1_130' title='bbox 583 2111 637 2150; x_wconf 89' lang='lat' dir='ltr'><strong>nec</strong></span> <span class='ocrx_word' id='word_1_131' title='bbox 659 2111 813 2169; x_wconf 84' lang='lat' dir='ltr'><strong>agnoscere</strong></span> <span class='ocrx_word' id='word_1_132' title='bbox 834 2112 999 2172; x_wconf 87' lang='lat' dir='ltr'><strong>possumus,</strong></span> <span class='ocrx_word' id='word_1_133' title='bbox 1021 2093 1045 2151; x_wconf 85' lang='lat' dir='ltr'><strong>si</strong></span> 
     </span>
     <span class='ocr_line' id='line_1_20' title="bbox 293 2181 1043 2261; baseline -0.001 -20"><span class='ocrx_word' id='word_1_134' title='bbox 293 2205 351 2242; x_wconf 88' lang='lat' dir='ltr'><strong>non</strong></span> <span class='ocrx_word' id='word_1_135' title='bbox 376 2183 560 2242; x_wconf 85' lang='lat' dir='ltr'><strong>meminimus</strong></span> <span class='ocrx_word' id='word_1_136' title='bbox 582 2203 600 2240; x_wconf 70' lang='grc' dir='ltr'><strong>ι’</strong></span> <span class='ocrx_word' id='word_1_137' title='bbox 615 2182 666 2242; x_wconf 88' lang='lat' dir='ltr'><strong>sed</strong></span> <span class='ocrx_word' id='word_1_138' title='bbox 692 2181 748 2241; x_wconf 90' lang='lat' dir='ltr'><strong>hoc</strong></span> <span class='ocrx_word' id='word_1_139' title='bbox 776 2185 904 2261; x_wconf 85' lang='lat' dir='ltr'><strong>perierat</strong></span> <span class='ocrx_word' id='word_1_140' title='bbox 927 2183 1043 2260; x_wconf 86' lang='lat' dir='ltr'><strong>quidem</strong></span> 
     </span>
     <span class='ocr_line' id='line_1_21' title="bbox 293 2271 738 2345; baseline -0.004 -14"><span class='ocrx_word' id='word_1_141' title='bbox 293 2274 402 2345; x_wconf 87' lang='lat' dir='ltr'><strong>oculis,</strong></span> <span class='ocrx_word' id='word_1_142' title='bbox 420 2274 560 2332; x_wconf 85' lang='lat' dir='ltr'><strong>memoria</strong></span> <span class='ocrx_word' id='word_1_143' title='bbox 578 2271 738 2332; x_wconf 88' lang='lat' dir='ltr'><strong>tenebatur.</strong></span> 
     </span>
    </p>
   </div>
   <div class='ocr_carea' id='block_1_3' title="bbox 540 2462 798 2698">
    <p class='ocr_par' dir='ltr' id='par_1_3' title="bbox 540 2462 798 2698">
     <span class='ocr_line' id='line_1_22' title="bbox 549 2462 789 2566; baseline 0.004 -43"><span class='ocrx_word' id='word_1_144' title='bbox 549 2462 682 2566; x_wconf 65' lang='lat' dir='ltr'><strong>caput*</strong></span> <span class='ocrx_word' id='word_1_145' title='bbox 702 2464 789 2526; x_wconf 80' lang='lat' dir='ltr'><strong>XIX.</strong></span> 
     </span>
     <span class='ocr_line' id='line_1_23' title="bbox 540 2633 798 2698; baseline 0.004 -16"><span class='ocrx_word' id='word_1_146' title='bbox 540 2634 606 2698; x_wconf 82' lang='lat' dir='ltr'><strong>Quid</strong></span> <span class='ocrx_word' id='word_1_147' title='bbox 619 2633 652 2683; x_wconf 73' lang='lat' dir='ltr'><strong>st</strong></span> <span class='ocrx_word' id='word_1_148' title='bbox 668 2635 798 2686; x_wconf 66' lang='lat' dir='ltr'><strong>remissor.</strong></span> 
     </span>
    </p>
   </div>
   <div class='ocr_carea' id='block_1_4' title="bbox 294 2803 1049 3243">
    <p class='ocr_par' dir='ltr' id='par_1_4' title="bbox 294 2803 1049 3243">
     <span class='ocr_line' id='line_1_24' title="bbox 334 2803 1045 2883; baseline 0.001 -23"><span class='ocrx_word' id='word_1_149' title='bbox 334 2803 382 2861; x_wconf 84' lang='lat'><strong>28.</strong></span> <span class='ocrx_word' id='word_1_150' title='bbox 404 2803 481 2878; x_wconf 89' lang='lat' dir='ltr'><strong>Quid</strong></span> <span class='ocrx_word' id='word_1_151' title='bbox 495 2825 561 2863; x_wconf 89' lang='lat' dir='ltr'><strong>cum</strong></span> <span class='ocrx_word' id='word_1_152' title='bbox 579 2807 643 2883; x_wconf 87' lang='lat' dir='ltr'><strong>ipsa</strong></span> <span class='ocrx_word' id='word_1_153' title='bbox 657 2806 798 2864; x_wconf 86' lang='lat' dir='ltr'><strong>memoria</strong></span> <span class='ocrx_word' id='word_1_154' title='bbox 812 2805 908 2882; x_wconf 90' lang='lat' dir='ltr'><strong>perdit</strong></span> <span class='ocrx_word' id='word_1_155' title='bbox 922 2805 1045 2883; x_wconf 81' lang='lat' dir='ltr'><strong>aliquid,</strong></span> 
     </span>
     <span class='ocr_line' id='line_1_25' title="bbox 294 2889 1046 2973; baseline 0.001 -22"><span class='ocrx_word' id='word_1_156' title='bbox 294 2894 369 2953; x_wconf 86' lang='lat' dir='ltr'><strong>sicut</strong></span> <span class='ocrx_word' id='word_1_157' title='bbox 383 2894 416 2950; x_wconf 87' lang='lat' dir='ltr'><strong>fit</strong></span> <span class='ocrx_word' id='word_1_158' title='bbox 430 2914 496 2952; x_wconf 88' lang='lat' dir='ltr'><strong>cum</strong></span> <span class='ocrx_word' id='word_1_159' title='bbox 510 2895 726 2966; x_wconf 87' lang='lat' dir='ltr'><strong>obliviscimur,</strong></span> <span class='ocrx_word' id='word_1_160' title='bbox 740 2889 937 2973; x_wconf 84' lang='lat' dir='ltr'><strong>etquaerimus</strong></span> <span class='ocrx_word' id='word_1_161' title='bbox 954 2908 1046 2972; x_wconf 85' lang='lat' dir='ltr'><strong>utre·</strong></span> 
     </span>
     <span class='ocr_line' id='line_1_26' title="bbox 295 2981 1048 3064; baseline 0.008 -24"><span class='ocrx_word' id='word_1_162' title='bbox 295 2981 469 3042; x_wconf 75' lang='lat' dir='ltr'><strong>cordemur?</strong></span> <span class='ocrx_word' id='word_1_163' title='bbox 480 2984 539 3042; x_wconf 89' lang='lat' dir='ltr'><strong>Ubi</strong></span> <span class='ocrx_word' id='word_1_164' title='bbox 556 2987 672 3044; x_wconf 89' lang='lat' dir='ltr'><strong>tandem</strong></span> <span class='ocrx_word' id='word_1_165' title='bbox 686 2986 858 3064; x_wconf 78' lang='lat' dir='ltr'><strong>quaerimus,</strong></span> <span class='ocrx_word' id='word_1_166' title='bbox 873 2987 928 3046; x_wconf 92' lang='lat' dir='ltr'><strong>nisi</strong></span> <span class='ocrx_word' id='word_1_167' title='bbox 940 2988 971 3044; x_wconf 88' lang='lat' dir='ltr'><strong>in</strong></span> <span class='ocrx_word' id='word_1_168' title='bbox 986 2987 1048 3064; x_wconf 88' lang='lat' dir='ltr'><strong>ipsa</strong></span> 
     </span>
     <span class='ocr_line' id='line_1_27' title="bbox 296 3072 1049 3153; baseline 0.004 -23"><span class='ocrx_word' id='word_1_169' title='bbox 296 3072 454 3130; x_wconf 80' lang='lat' dir='ltr'><strong>memoria?</strong></span> <span class='ocrx_word' id='word_1_170' title='bbox 471 3077 508 3130; x_wconf 86' lang='lat' dir='ltr'><strong>Et</strong></span> <span class='ocrx_word' id='word_1_171' title='bbox 525 3073 568 3132; x_wconf 94' lang='lat' dir='ltr'><strong>ibi</strong></span> <span class='ocrx_word' id='word_1_172' title='bbox 585 3075 608 3134; x_wconf 89' lang='lat' dir='ltr'><strong>si</strong></span> <span class='ocrx_word' id='word_1_173' title='bbox 622 3076 703 3134; x_wconf 87' lang='lat' dir='ltr'><strong>aliud</strong></span> <span class='ocrx_word' id='word_1_174' title='bbox 718 3076 842 3153; x_wconf 80' lang='lat' dir='ltr'><strong>proelio</strong></span> <span class='ocrx_word' id='word_1_175' title='bbox 855 3077 928 3135; x_wconf 86' lang='lat' dir='ltr'><strong>sorte</strong></span> <span class='ocrx_word' id='word_1_176' title='bbox 945 3077 1049 3135; x_wconf 85' lang='lat' dir='ltr'><strong>offera-</strong></span> 
     </span>
     <span class='ocr_line' id='line_1_28' title="bbox 297 3162 1049 3243; baseline 0.007 -24"><span class='ocrx_word' id='word_1_177' title='bbox 297 3175 353 3231; x_wconf 89' lang='lat' dir='ltr'><strong>tur,</strong></span> <span class='ocrx_word' id='word_1_178' title='bbox 365 3162 536 3238; x_wconf 88' lang='lat' dir='ltr'><strong>respuimus,</strong></span> <span class='ocrx_word' id='word_1_179' title='bbox 546 3163 638 3222; x_wconf 89' lang='lat' dir='ltr'><strong>donec</strong></span> <span class='ocrx_word' id='word_1_180' title='bbox 652 3164 724 3222; x_wconf 85' lang='lat' dir='ltr'><strong>iliud</strong></span> <span class='ocrx_word' id='word_1_181' title='bbox 736 3177 871 3224; x_wconf 80' lang='lat' dir='ltr'><strong>occurrat</strong></span> <span class='ocrx_word' id='word_1_182' title='bbox 881 3166 962 3241; x_wconf 87' lang='lat' dir='ltr'><strong>quod</strong></span> <span class='ocrx_word' id='word_1_183' title='bbox 972 3185 1049 3243; x_wconf 56' lang='lat' dir='ltr'><strong>qua»</strong></span> 
     </span>
    </p>
   </div>
   <div class='ocr_carea' id='block_1_5' title="bbox 0 0 1200 4052">
    <p class='ocr_par' dir='ltr' id='par_1_5' title="bbox 0 0 1200 4052">
     <span class='ocr_line' id='line_1_29' title="bbox 0 0 1200 4052; baseline 0 0"><span class='ocrx_word' id='word_1_184' title='bbox 0 0 1200 4052; x_wconf 95' lang='lat' dir='ltr'><strong> </strong></span> 
     </span>
    </p>
   </div>
  </div>
 </body>
</html>
