2354 4034
283 495 333 543 mc
434 543 436 548 ,
466 493 495 542 s,¹
509 495 692 545 sucusrrur
709 495 853 544 urucorr
870 477 872 480 ’

527 653 662 738 meur
683 677 786 740 xxv.

281 843 309 888 Iu
316 855 347 900 y.
360 845 391 892 29
402 856 408 889 :
418 844 482 890 Ecce
491 837 547 890 dedi
554 839 623 890 uobis
633 857 725 890 omrem
735 835 860 890 uerbamj..
868 840 894 889 in
906 858 985 890 escam
995 853 1048 894 etc.

322 1000 369 1058 38.
385 1001 458 1060 Volo
475 1001 560 1061 etiam
573 1001 693 1074 dicere,
704 993 833 1062 ¹Domine
847 1003 927 1058 Deus
943 1001 1046 1074 meus,

281 1091 361 1169 quod
375 1085 421 1151 me
436 1108 615 1172 consequens
632 1105 681 1151 tua
696 1090 846 1170 Scriptura
860 1106 1048 1178 commouet3

281 1194 310 1239 et
323 1180 431 1255 dicam,
446 1202 500 1241 uec
513 1178 649 1244 verebor.
664 1187 772 1241 Verum
789 1181 866 1239 euim
886 1180 999 1254 dicam,
1015 1197 1047 1242 te

281 1273 352 1334 mihi
364 1273 538 1352 inspirante,
551 1273 633 1352 quod
645 1295 682 1333 ex
700 1273 740 1332 eis
759 1269 857 1332 verbis
870 1273 992 1331 voluisti
1010 1287 1048 1332 ut

281 1361 419 1422 dicerem.
433 1364 627 1442 Nequeeuim
643 1365 700 1424 aiio
716 1378 824 1443 praeter
838 1377 866 1423 te
881 1363 1046 1442 inspirante

282 1447 370 1513 credo
385 1475 432 1514 me
445 1477 550 1516 verum
569 1456 684 1528 dicere,
700 1477 767 1515 cum
785 1469 816 1514 tu
836 1455 874 1514 sis
892 1455 1002 1514 veritas
1015 1467 1045 1528 ¹,

281 1545 375 1604 omnis
390 1559 486 1606 autem
509 1548 598 1607 homo
619 1547 746 1606 mendax
754 1557 773 1605 ².
793 1551 830 1606 Et
843 1545 910 1604 ideo
932 1546 983 1624 qui
998 1549 1046 1605 10-

281 1637 381 1712 quitur
400 1637 600 1711 mendacium,
616 1639 652 1696 de
668 1658 721 1708 suo
740 1638 901 1716 loquitur&
916 1641 994 1715 Ergo
1010 1649 1046 1695 ut

281 1745 383 1786 verum
398 1729 515 1807 i'oquar,
530 1729 566 1788 de
582 1741 633 1788 tuo
649 1731 762 1806 loquar.
777 1733 852 1788 Ecce
866 1727 972 1787 dedisti
988 1747 1045 1785 uo-

281 1815 326 1877 bis
347 1827 377 1876 r'n
401 1841 494 1878 escam
519 1842 601 1878 omne
616 1819 718 1896 serrum
742 1828 876 1886 suricum,
898 1816 1044 1878 seminans

280 1929 374 1965 remen
390 1915 468 1986 quod
484 1925 527 1966 est
544 1916 632 1986 super
650 1929 759 1966 omnem
779 1921 899 1980 terram,
917 1924 946 1966 et
959 1931 1045 1967 omne

281 2003 386 2075 liguum
404 2003 482 2076 quod
495 1999 581 2056 dubet
595 2007 624 2056 r'rz
639 2019 669 2056 se
678 1997 805 2073 fructum
820 1988 937 2056 seminis
949 2007 1042 2058 sativi.

282 2091 342 2149 Nec
351 2089 438 2148 nobis
449 2091 517 2149 solis
525 2134 533 2164 ‚
547 2089 597 2148 sed
613 2102 641 2148 et
658 2089 794 2148 omnibus
806 2088 909 2148 avibus
923 2090 1004 2163 coeli,
1015 2103 1044 2152 et

280 2177 381 2238 bestiis
398 2193 499 2254 terrae,
518 2177 606 2260 arque
627 2177 828 2260 serpentibus3
844 2181 975 2260 piscibus
993 2203 1043 2242 au·

282 2282 340 2327 tem
356 2284 385 2329 et
406 2273 475 2331 cetis
495 2273 605 2350 magnis
625 2293 685 2330 nou
702 2271 808 2330 dedisti
823 2271 895 2330 haec.
911 2271 1042 2330 Diceha-

282 2379 346 2417 mus
362 2361 438 2418 euim
455 2363 496 2420 eis
515 2361 659 2420 fructibus
674 2376 759 2426 terrae
775 2363 947 2442 significari,
966 2377 995 2422 et
1011 2365 1041 2421 in

281 2449 419 2528 allegoria
432 2452 552 2530 figurari
566 2473 656 2531 opera
670 2453 890 2528 misericordiae,
901 2475 966 2532 quae
980 2455 1041 2514 hu-

196 2625 197 2628 *
277 2542 326 2622 jus
341 2543 407 2602 vitae
422 2544 642 2604 necessitatibus
653 2545 831 2605 exhibentur
844 2567 880 2604 ex
892 2559 970 2604 terra
982 2547 1043 2605 sru-

281 2631 391 2694 ctifera.
400 2637 476 2696 Talis
490 2651 567 2697 terra
578 2651 640 2696 erat
654 2638 719 2717 pius
729 2637 927 2718 Onesiphorus
937 2681 945 2708 ,
957 2637 1042 2714 cujus

282 2725 381 2785 domui
399 2725 504 2788 dedisti
528 2728 755 2787 misericordiam
766 2773 774 2800 ,
787 2728 856 2805 quia
872 2729 1042 2805 frequenter
1059 2796 1061 2800 Ι

280 2817 402 2875 Paulum
413 2832 495 2878 tuum
511 2819 708 2899 refrigeravit,
724 2831 752 2878 et
764 2819 969 2898 catenam'ejus
981 2839 1041 2880 non

282 2895 427 2968 drubuiti.
444 2915 507 2970 Hoc
521 2912 653 2970 fecerunt
665 2924 694 2970 et
706 2911 826 2982 fratres,
844 2924 873 2970 et
891 2911 941 2969 tali
956 2911 1041 2988 fruge

281 2997 546 3073 fructificaverunt,
563 3003 614 3080 qui
635 3003 715 3080 quod
733 3001 762 3060 ci
782 3001 898 3074 deerat,
917 3002 1041 3080 supple-

319 3178 327 3201 1
342 3173 412 3218 Joau.
430 3182 483 3228 xxv,
498 3175 522 3218 6.
537 3197 571 3205 —
589 3180 600 3206 ²
617 3173 677 3222 Psal.
691 3189 743 3231 cxv,
762 3175 801 3222 11.
814 3199 849 3207 ·-
863 3168 875 3208 ³
893 3137 1042 3232 qunsuu,

281 3246 594 3310 cc.-⁴urim.1,1c.
