2326 4020
245 559 277 602 28
346 552 351 562 ’
429 557 452 603 S.
472 553 653 604 AUGUSTINI
671 547 810 603 EPISCOPI

242 654 426 732 parturiebat
439 656 528 714 corde
540 667 618 714 casto
630 656 660 711 in
671 655 728 712 fide
741 667 803 727 tua,
812 653 873 731 jam
884 673 1001 716 curaret

243 745 446 804 festinabunda
459 759 492 805 ut
505 746 696 805 sacramentis
712 745 886 813 salutaribus
900 749 999 806 initia·
1062 799 1064 802 .

243 856 291 894 rer
308 835 499 908 erabluerer,
510 835 556 908 te,
574 838 698 894 Domine
716 840 799 908 lesu,
815 838 953 898 confite-ns
970 842 1000 898 in

243 927 440 986 remissionem
454 939 658 1006 peccaturum,
672 925 728 983 nisi
741 926 837 985 statim
853 944 1005 988 recreatus-

244 1037 352 1086 essem.
364 1018 459 1076 Dilata
477 1030 520 1076 est
533 1016 631 1094 itaque
652 1015 803 1074 mundatio
817 1036 900 1091 mea,
918 1022 1001 1096 quasi

243 1128 358 1167 necesse
373 1122 447 1167 esset
461 1121 493 1166 ut
507 1107 603 1166 adhuc
621 1107 799 1179 sordidarer,
815 1109 839 1166 si
851 1109 979 1168 viverem
991 1136 998 1182 ;

242 1201 312 1274 quia
326 1198 463 1257 videlicet
475 1211 540 1276 post
553 1198 700 1254 lavacrum
714 1195 788 1254 illud
801 1197 893 1275 major
909 1212 936 1256 et
952 1221 1002 1277 pe-

243 1290 398 1348 riculosior
417 1290 447 1347 in
461 1287 597 1348 sordibus
613 1269 786 1346 delicturum
803 1301 900 1346 reatus
916 1291 1000 1349 soret.

239 1364 287 1436 lta
298 1379 359 1456 jam
374 1379 542 1449 credebam,
557 1391 585 1436 et
597 1371 647 1435 illa
664 1389 692 1434 et
706 1379 800 1436 omnis
814 1378 933 1451 domus,
947 1383 1001 1439 nisi

243 1484 327 1550 pater
340 1471 432 1541 solus,
442 1471 494 1547 qui
506 1482 602 1526 tamen
614 1488 672 1525 non
685 1468 771 1526 evicit
782 1469 812 1526 in
827 1488 873 1527 me
881 1469 929 1548 jus
937 1492 1002 1547 ma-

244 1575 332 1620 ternae
343 1555 634 1640 pietatis,lc1n0minus
643 1557 672 1614 in
683 1557 830 1616 Christum
841 1559 1002 1633 crederem,

243 1656 319 1716 nient
329 1653 378 1710 ille
387 1650 517 1710 nondum
528 1649 700 1724 crediderat.
712 1652 785 1707 Nam
793 1650 842 1708 illa
853 1650 1002 1730 satagebat

244 1758 277 1802 ut
289 1758 321 1802 tu
333 1743 404 1802 mihi
415 1755 498 1821 pater
510 1761 599 1812 esses,
608 1745 687 1798 Deus
698 1760 789 1813 meus,
802 1741 898 1818 potius
913 1763 1001 1820 quam

244 1835 293 1893 ille
309 1857 315 1891 :
331 1833 401 1892 etin
414 1833 471 1891 hue
486 1831 646 1910 adjuvabas
663 1849 726 1918 eam
740 1843 773 1888 ut
782 1845 941 1909 superaret
955 1835 1002 1890 vi—

240 1945 326 1996 rum,
341 1924 389 1984 cui
406 1924 509 1981 melior
523 1920 681 1992 serviebat3
699 1919 766 1998 quia
782 1934 811 1978 et
829 1921 858 1979 in
872 1921 928 1980 boc
948 1923 1002 1982 tibi

244 2016 346 2091 utique
363 2013 393 2070 id
408 2009 523 2090 jubenti
541 2009 694 2069 serviebat.

288 2105 333 2160 18.
348 2109 430 2179 Rogo
443 2115 487 2173 te,
501 2107 579 2159 Deus
593 2121 690 2172 mens,
704 2103 810 2159 vellem
827 2102 916 2173 scire,
931 2105 953 2161 si
971 2119 1002 2162 tu

245 2189 332 2252 etiam
346 2193 451 2264 velles,
467 2212 526 2269 quo
543 2191 664 2248 consilio
681 2190 787 2248 dilatus
803 2211 867 2249 sum
881 2213 917 2250 ne
933 2207 1001 2262 tnnc

244 2279 410 2362 baptizarer
423 2304 430 2338 :
446 2293 543 2340 utrum
556 2279 634 2338 bono
648 2299 714 2338 meo
730 2280 801 2338 mihi
814 2283 896 2359 quasi
907 2277 1003 2342 laxata

245 2386 312 2432 sunt
323 2373 386 2430 lora
395 2370 535 2451 peccandi
545 2415 552 2442 ‚
564 2391 600 2428 an
613 2391 671 2428 non
684 2372 781 2428 laxata
795 2384 862 2430 sunt
873 2370 905 2427 *l
917 2373 1003 2431 Unde

245 2447 315 2542 ergo
328 2463 415 2521 etiam
429 2482 506 2519 nunc
519 2460 555 2519 de
565 2459 627 2518 aliis
640 2474 727 2538 atque
740 2460 804 2518 aliis
815 2475 898 2519 sonat
913 2463 1002 2521 undi—¹

245 2555 345 2631 quein
362 2543 483 2617 aur'ibus
497 2551 617 2630 nustria,
633 2553 698 2610 Sine
713 2551 809 2623 illum,
824 2552 911 2610 saciat
922 2543 1002 2631 quod

244 2645 309 2702 vult
322 2642 352 2714 *3
365 2643 494 2702 nondum
509 2643 585 2702 enirn
601 2641 767 2719 baptizatus
783 2655 845 2700 est:
863 2657 892 2701 et
906 2657 1002 2702 tamen

246 2736 275 2792 in
292 2735 384 2794 salute
397 2733 528 2812 corporis
544 2753 603 2790 nun
615 2721 754 2801 dicimus,
767 2732 850 2804 Sine,
864 2735 1003 2792 vulnere-

246 2837 294 2881 tur
306 2825 446 2904 amplius3
458 2823 587 2882 nondum
600 2823 677 2882 enim
689 2835 805 2880 sanatus
815 2825 875 2880 esti
888 2828 1004 2898 Quanto

247 2935 316 2992 ergo
327 2915 431 2972 melius
446 2928 475 2973 et
490 2915 547 2972 cito
560 2933 678 2972 sanarer
685 2913 707 2985 *ᾖ
719 2926 748 2970 et
757 2912 787 2969 id
800 2927 936 2992 ageretur
948 2935 1006 2974 me-

247 3017 313 3075 cum
329 3023 460 3062 meorum
475 3024 597 3082 meaque
607 3003 769 3080 diligentia,
782 3015 813 3061 ut
826 3016 943 3082 recepta
958 3025 1006 3062 sa-

207 3165 208 3168 ,
246 3095 292 3153 lus
306 3094 407 3152 animae
421 3091 491 3151 m'eae
506 3106 569 3158 tuta
581 3105 654 3152 esset
666 3093 756 3149 tutela
770 3105 834 3164 tua,
845 3095 895 3172 qui
908 3094 1006 3152 dedis-

248 3206 292 3245 ses
301 3197 366 3244 eam
375 3187 387 3240 i
397 3172 498 3244 Melius
509 3205 588 3242 vero.
601 3183 657 3243 Sed
667 3197 739 3260 quot
749 3198 777 3242 et
788 3185 889 3262 quanti
898 3185 1005 3244 fluctus

213 3261 227 3280 ⁵
246 3276 415 3353 impendere
440 3276 631 3334 tentationum
653 3288 719 3352 post
739 3276 893 3352 puerit'nm
920 3269 1004 3334 vide-
