2316 4020
288 421 539 472 CONFESSIONUM
556 424 651 473 LIBER
669 427 701 473 V.
826 427 874 474 115

122 518 289 592 prevident,
308 519 385 576 etin
405 517 559 597 praesentia
582 541 668 580 suum
687 541 746 579 non
765 521 873 582 vitient.

120 613 178 666 Non
190 609 269 668 enim
286 610 421 686 religiose
435 623 570 688 quaerunt
583 613 662 670 unde
678 612 805 672 habeant
827 614 875 672 in-

119 699 230 774 genium
244 720 307 777 quo
324 701 380 759 ista
397 713 539 777 quaerunt.
557 705 594 759 Et
608 702 787 762 invenientes
805 705 875 782 quia

120 799 147 844 tu
161 788 254 848 fecisti
275 810 342 863 ecs,
359 810 418 848 non
437 790 494 868 ipsi
513 790 583 848 dant
604 791 658 850 tibi
673 812 704 850 se
727 806 759 851 ut
775 813 873 855 serves

119 879 192 954 quod
200 879 313 954 fecisti,
328 893 357 938 et
372 881 472 958 quales
486 880 583 959 seipsi
595 883 724 942 fecerant
736 886 874 944 occidunt

119 985 146 1023 se
155 966 238 1041 tibi*,
252 983 284 1028 et
295 970 442 1028 trucidant
451 971 640 1030 exaltationes
653 992 719 1031 suas
729 974 806 1032 sicut
820 995 873 1034 vo·

119 1054 218 1130 latitia,
234 1071 265 1116 et
281 1059 464 1118 curiositates
482 1079 548 1118 snas
563 1061 640 1119 sicut
657 1062 752 1138 pisces
771 1065 873 1137 maris,

120 1145 219 1221 quibus
232 1147 444 1228 perambulant
455 1163 580 1208 secretas
591 1151 707 1210 semitas
720 1151 832 1230 abyssi,
844 1167 874 1212 ct

117 1234 240 1299 luxurias
256 1260 327 1299 suas
340 1241 417 1298 sicut
435 1259 543 1318 pecora
556 1241 672 1319 campi,
687 1255 721 1300 ut
733 1255 779 1316 tu,
793 1247 873 1302 Deus

118 1326 186 1404 ignis
206 1333 299 1406 edax,
321 1352 474 1391 consumas
499 1345 628 1392 mortuas
656 1353 742 1392 curas
770 1355 871 1394 eorum

117 1435 247 1483 recreans«
260 1445 314 1484 eos
333 1418 545 1482 immortaliter.

152 1512 181 1569 5,
193 1515 250 1573 Sed
266 1535 332 1574 non
347 1527 494 1574 noverunt
508 1515 599 1586 viam,
622 1515 752 1574 Verbum
773 1521 872 1590 tuum,

119 1619 166 1675 per
177 1607 258 1682 quod
273 1606 418 1666 fecissen
430 1625 495 1683 quae
509 1620 676 1678 numerant,
689 1619 723 1664 :et
732 1607 810 1685 ipsos
822 1608 873 1684 qui

117 1703 280 1772 numerant,
297 1711 327 1756 et
346 1717 461 1756 sensum
474 1717 533 1775 quo
547 1710 671 1765 cernunt
684 1717 749 1775 quae
768 1715 874 1755 nume-

118 1795 191 1858 rant,
202 1801 232 1846 et
245 1801 377 1847 mentem
388 1788 424 1845 de
434 1807 494 1865 qua
504 1799 675 1858 numerant3
690 1799 720 1844 et
729 1786 875 1863 sapientiae

119 1883 169 1932 tuae
181 1895 239 1935 non
256 1889 305 1938 est
317 1887 482 1936 numerus².
504 1881 572 1955 Ipse
588 1889 686 1934 autem
702 1876 875 1954 Unigenitus

119 1959 203 2023 stttm
216 1979 263 2026 est
280 1963 366 2023 nobis
379 1965 535 2042 sapientia,
548 1976 578 2022 et
587 1963 718 2041 justitia,
730 1974 760 2020 et
771 1965 876 2022 sanetis

118 2049 241 2131 ficano²;
256 2069 290 2116 et
302 2068 471 2114 numeratus
490 2067 536 2114 est
555 2054 632 2113 inter
650 2075 719 2128 nos,
740 2067 770 2112 ct
789 2055 877 2114 solvit

120 2143 255 2209 tributum
278 2147 410 2209 unsaris
432 2151 497 2206 Non
518 2159 664 2205 noverunt
687 2145 873 2220 honoriam,

119 2251 170 2310 qua
194 2239 376 2302 descendant
396 2238 443 2296 ad.
456 2238 579 2296 iiluna
600 2257 644 2308 se,
667 2250 696 2296 et
723 2257 777 2316 per
806 2257 873 2296 eum

120 2327 272 2390 ncendant
289 2329 326 2388 ad
341 2317 417 2388 eum.
436 2332 507 2385 Nou·
521 2339 665 2386 noverunt
685 2327 760 2385 hanc
777 2327 874 2399 viam,

120 2427 145 2472 ct
152 2432 255 2495 putant
265 2440 296 2480 se
311 2419 440 2478 excelsos
455 2437 516 2476 esse
526 2438 592 2476 cum
606 2417 752 2477 sideribus
763 2429 793 2477 et
803 2417 874 2475 luci·
892 2424 895 2432 ’

122 2501 185 2581 d0s3
176 2525 227 2570 ·et
239 2530 310 2570 ecce
324 2521 447 2568 ruerunt
459 2507 489 2565 in
502 2520 628 2580 terram,
642 2519 671 2566 et
684 2505 874 2566 obscuratum

122 2609 162 2655 est
173 2599 313 2682 insipiens
326 2619 378 2659 cor
392 2619 503 2658 eorum.
515 2603 551 2657 Et
564 2597 655 2656 multa
667 2615 737 2655 vera
749 2567 813 2654 de
797 2615 875 2654 crea-

123 2697 182 2750 tura
204 2694 326 2765 dicunt,
354 2705 384 2750 et
405 2690 584 2761 Veritatem,
615 2700 755 2746 creaturae
783 2686 875 2743 artifi-

123 2795 196 2855 cem,
207 2804 268 2844 non
282 2783 330 2861 pie
345 2793 494 2860 querunt,
508 2793 537 2838 et
551 2779 619 2836 ideo
633 2796 691 2834 non
707 2773 875 2834 inveniunt:

124 2879 168 2926 aut
176 2871 198 2930 si
209 2872 378 2944 inveniunt,
390 2880 596 2948 cognoscentes
607 2871 719 2940 Deum,
731 2885 789 2926 non
801 2867 876 2926 sicut

125 2957 211 3022 Deum
220 2963 389 3034 honorant,
404 2972 455 3019 aut
468 2958 576 3037 gratias
589 2968 693 3036 agunt3
703 2955 757 3033 sed,
769 2975 877 3016 evane-

164 3150 330 3211 'rut'cnvn
341 3153 401 3199 5.-
415 3149 512 3198 ²lcor.
521 3163 539 3208 r,
550 3151 627 3198 30.-
640 3143 652 3184 ³
662 3143 752 3200 Mattb.
762 3159 822 3204 asir,
833 3146 874 3191 21.
