2316 4020
248 427 298 474 15⁰
430 423 454 472 d.
474 419 655 470 Aucusrnu
671 421 820 471 meconi

247 525 329 588 dicre
342 532 485 592 servaret;
499 519 597 578 verbis
607 520 795 598 apertissimis
806 533 836 578 et
844 521 1013 583 humillimo

246 633 351 692 genere
365 610 505 688 loquendi
514 629 545 668 se
557 611 669 668 eunctis
679 609 822 688 praebens
834 623 864 669 et
873 632 1017 674 exercens

245 702 433 762 intentionem
447 720 564 772 eorum,
578 701 630 777 qui
645 721 704 758 non
717 712 786 776 sunt
801 701 881 760 leves
895 704 985 762 eorde
1003 727 1012 761 ε

247 807 280 854 ut
292 794 442 871 exciperet
455 812 554 850 omnes
568 791 797 870 popularium,
811 805 843 850 et
851 813 906 872 per
920 813 1011 873 angn-

247 897 292 944 sttt
319 884 462 945 foramina
485 903 595 962 paucos
621 883 659 941 ad
679 896 707 940 te
731 880 893 961 trajiceret,
914 886 1011 944 multo

211 982 215 986 ’
248 989 344 1037 tamen
360 975 472 1053 plures,
494 993 582 1050 quam
601 973 625 1031 si
640 993 695 1031 nec
709 985 789 1032 tanto
806 975 888 1052 apice
906 987 1012 1036 aucto-

247 1066 342 1124 ritatis
358 1066 513 1135 emineret,
527 1083 581 1122 nec
595 1063 696 1122 turbas
708 1063 820 1142 gremio
832 1077 939 1139 sanetae
953 1067 1014 1125 bu-

248 1154 376 1220 militatis
401 1155 542 1214 hauriret.
565 1153 735 1234 Cogitabam
756 1155 834 1228 baec,
858 1168 887 1214 et
909 1156 1018 1216 aderas

249 1245 337 1318 mihi;
355 1245 551 1324 suspirabam,
569 1257 599 1304 et
619 1245 759 1306 audiebas
779 1265 826 1306 me
850 1267 858 1304 :
882 1247 1012 1306 fluctua-

249 1337 332 1411 bem,
347 1351 376 1398 et
388 1336 573 1416 gubernabas
587 1358 647 1411 me;
661 1337 741 1397 ibam
754 1337 898 1418 perviam
911 1338 1014 1398 saeculi

249 1429 354 1502 latam,
369 1450 424 1488 nec
439 1429 603 1489 deserebas.

523 1603 657 1667 CAPUT
677 1603 742 1666 Vt·

270 1796 307 1842 De
323 1792 418 1844 miseria
431 1793 626 1854 ambitiosorum,
640 1791 746 1846 adducto
763 1793 875 1859 exemplo
887 1793 998 1844 ruendici-¹

575 1875 686 1926 laetantis.

295 2061 322 2115 9.
344 2059 497 2118 Inhiabam
511 2059 687 2134 honoribus,
700 2062 804 2134 lucris,
817 2064 968 2141 conjugio3
983 2078 1015 2124 et
1062 2083 1065 2090 ·

255 2159 287 2205 tu
299 2147 451 2206 irridebas
464 2147 599 2206 Patiebar
609 2148 640 2206 in
654 2148 915 2228 eiscupiditatibns
929 2163 1013 2212 ama-

253 2235 380 2294 sissimas
398 2237 598 2310 difficultates,
617 2251 645 2299 te
662 2241 792 2318 propitio
808 2253 889 2300 tanto
905 2245 1013 2321 magis,

254 2336 363 2400 quante
375 2325 470 2385 minus
478 2327 592 2386 sinebas
602 2329 673 2387 mihi
684 2329 852 2389 dulcescere
863 2331 943 2410 quod
952 2351 1014 2392 non

255 2431 319 2472 eras
339 2427 380 2472 tu.
394 2417 467 2476 Vide
481 2439 532 2476 cor
550 2439 662 2493 meum,
676 2422 814 2496 Domine,
828 2423 880 2500 qui
895 2424 1014 2484 voluisti

229 2577 234 2586 ι
254 2516 287 2561 ut
305 2504 363 2562 boc
380 2509 553 2568 recordarer
569 2523 598 2570 et
611 2513 766 2571 confiterer
779 2511 842 2582 tibi.
860 2518 944 2572 Nunc
957 2514 1014 2573 tibi

253 2593 394 2655 inhaereat
405 2597 500 2658 anima
513 2621 592 2673 mea,
607 2620 694 2678 quam
706 2601 743 2660 de
753 2602 833 2661 visco
846 2616 905 2662 tam
919 2604 1015 2662 tenaci

255 2687 356 2746 mertis
374 2691 488 2749 exuisti.
501 2691 604 2766 ‘Quam
619 2691 725 2750 misera
745 2697 824 2750 erat!
847 2707 878 2752 et
897 2713 1013 2752 sensum

254 2775 382 2835 vulneris
397 2781 429 2836 tu
443 2781 607 2859 pungebas,
621 2793 655 2840 ut
667 2781 775 2840 relictis
788 2782 924 2842 omnibus
940 2803 1013 2842 con-

256 2874 418 2924 verteretur
439 2869 477 2926 ad
495 2881 524 2927 te
545 2871 595 2948 qui
617 2889 647 2928 es
667 2873 882 2948 superomnia,
901 2885 932 2931 et
951 2872 1016 2953 sine

256 2971 315 3028 quo
333 2955 416 3014 nulla
433 2971 528 3016 essent
541 2960 651 3032 omnia3
668 2973 900 3042 cenverteretur,
920 2975 950 3022 et
967 2981 1017 3022 sa-

256 3055 384 3104 naretur.
402 3051 496 3122 Quam
514 3071 583 3129 ergo
600 3052 797 3128 misererem,
818 3067 848 3112 et
868 3053 1019 3134 quomodo

257 3134 340 3211 egisti
352 3149 385 3196 ut
398 3140 534 3200 sentirem
548 3135 694 3202 miseriam
707 3163 817 3220 meam,
830 3144 878 3203 die
893 3145 945 3202 itto
955 3163 1016 3222 quo
