2384 4052
333 473 582 523 cottttttsstotttttt
600 472 745 523 ursum.
864 477 914 524 ³0³

160 570 254 628 rimus
265 591 272 627 ι
283 582 312 627 et
324 591 391 628 cum
404 571 543 644 occurrit,
553 570 686 642 dicimus,
695 574 759 628 Hoc
769 583 824 643 est3
837 575 917 649 quod

160 680 220 718 non
232 661 395 720 diceremus
409 661 465 720 nisi
477 681 707 738 agnosceremus,
715 679 769 720 nec
782 680 918 738 agnosce—

161 769 258 808 remus
273 750 328 808 nisi
339 750 578 810 meminissemus.
588 756 673 812 Certe
682 770 751 828 ergo
758 749 841 810 obliti
856 752 917 812 fue-

161 860 269 899 ramus.
284 847 330 899 An
341 840 355 865 *
367 859 425 899 non
438 853 531 900 totum
544 842 705 913 exciderat,
718 841 769 900 sed
784 861 821 900 ex
834 857 917 920 parte

160 951 221 1009 qua
234 931 386 992 tenebatur
401 952 469 1011 pars
482 933 537 990 alia
553 933 752 1011 quaerebatur3
768 934 838 1010 quia
851 954 917 992 sen-

161 1021 252 1080 tiebat
261 1041 292 1080 se
301 1025 441 1083 memoria
448 1043 506 1081 non
516 1024 602 1082 simul
612 1025 731 1083 volvere
740 1023 821 1101 quod
832 1024 916 1083 simul

160 1110 284 1184 solebat,
299 1125 328 1170 et
340 1114 423 1190 quasi
436 1113 606 1190 detruncata
616 1112 824 1172 consuetudine
836 1113 917 1171 cieu-

162 1202 274 1272 dicans,
290 1202 374 1260 reddi
386 1203 466 1281 quod
481 1204 581 1262 deerat
594 1202 916 1280 flagitabatiTanquam

161 1293 185 1349 si
200 1290 289 1349 homo
301 1305 387 1350 notus
401 1293 461 1351 sive
473 1293 669 1371 conspiciatur
680 1294 785 1364 oculis,
797 1294 859 1352 sive
871 1313 918 1352 co-

161 1382 284 1457 gitetur,
295 1395 324 1440 et
337 1402 441 1440 nomen
454 1383 516 1460 ejus
529 1382 614 1442 obliti
625 1384 821 1461 requiramus,
833 1383 918 1461 quid-

160 1471 232 1548 quid
254 1472 333 1529 aliud
357 1473 518 1530 occurrerit
537 1492 595 1530 non
618 1472 825 1530 connectitur:
848 1474 917 1550 quia

161 1580 219 1619 non
239 1581 305 1620 cum
325 1561 376 1619 illo
399 1561 519 1638 cogitari
541 1560 703 1631 consuevit,
723 1559 849 1636 ideoque
869 1581 917 1620 ne-

98 1677 101 1682 *
162 1652 278 1729 spuitur
289 1651 381 1710 donec
394 1651 466 1709 illud
486 1650 575 1720 adsit,
587 1648 640 1708 ubi
659 1649 744 1726 simul
758 1650 916 1708 assuefacto

160 1743 262 1801 notitia
288 1763 346 1801 non
369 1741 552 1818 inaequaliter
581 1741 753 1817 acquiescat.
779 1743 815 1796 Et
841 1738 917 1796 unde

162 1833 259 1902 adest,
272 1832 327 1890 nisi
346 1848 382 1889 ex
399 1831 463 1907 ipsa
479 1829 636 1886 memoria?
653 1833 727 1888 Nam
746 1842 776 1887 et
793 1849 860 1888 cum
878 1829 916 1887 ab

162 1923 219 1979 aiio
231 1921 399 1980 commoniti
412 1919 659 1996 recognoscimus,
673 1919 741 1978 inde
755 1918 844 1978 adest.
852 1922 918 1976 Non

161 2013 238 2069 enim
257 2012 340 2089 quasi
360 2030 469 2069 novum
488 2008 647 2082 credimus,
665 2008 716 2068 sed
732 2007 916 2067 recordantes

161 2099 361 2179 approbemus
378 2101 435 2158 hoc
452 2119 512 2159 esse
527 2099 607 2176 qnod
629 2098 740 2158 dictum
754 2111 807 2157 est.
820 2100 849 2159 Si
861 2118 915 2157 au-

161 2202 218 2248 tem
232 2193 347 2269 penitus
360 2189 511 2248 aboleamr
528 2209 565 2247 ex
578 2189 692 2262 animo,
705 2208 759 2247 nec
776 2188 916 2248 admoniti

161 2281 382 2340 reminiscimur.
407 2285 508 2358 Neque
531 2280 609 2338 enim
632 2279 799 2338 omnimodo
819 2280 916 2339 adhuc

161 2370 243 2430 obliti
254 2390 367 2441 sumus,
388 2371 468 2449 quod
480 2371 527 2428 vel
541 2369 647 2430 oblitos
666 2390 718 2429 nos
732 2389 794 2430 esse
813 2372 917 2428 merni-

160 2465 264 2544 nimus.
287 2467 350 2522 Hoc
371 2483 440 2540 crgo
456 2483 509 2522 nec
532 2464 669 2521 amissum
689 2481 821 2539 quaerere
834 2474 917 2539 pote-

160 2553 266 2624 rimus,
285 2552 365 2630 quod
380 2554 499 2610 omnino
516 2551 601 2609 obliti
620 2541 769 2610 fuerimus.

405 2777 407 2782 ·
424 2739 559 2801 CAPUT
579 2741 649 2802 XX.

162 2915 197 2962 Ut
205 2911 378 2964 beatitudinem
389 2929 472 2964 omnen
483 2921 610 2980 appetent,
624 2920 718 2979 oportet
731 2927 783 2963 eam
794 2916 915 2966 noverint.

201 3083 249 3144 29.
271 3086 424 3161 Quomodo
438 3102 507 3161 ergo
520 3097 548 3142 te
560 3105 677 3163 quaero,
689 3090 831 3148 Domine?
844 3094 916 3150 Cum

161 3177 237 3234 enim
257 3188 285 3234 tc
304 3181 398 3235 Deum
424 3195 520 3235 meum
548 3187 661 3253 quero,
689 3179 778 3236 vitem
801 3178 916 3238 beatam
