2354 4034
308 411 559 464 CONFESSIONUM
577 411 672 467 LIBER
690 413 760 462 xm.
866 416 918 464 479
984 445 986 450 ,

158 515 285 588 sabbati,
302 515 417 576 sabbati
435 516 496 574 sine
511 499 633 596 vespera
642 514 668 578 *2
685 514 786 573 Omnis
808 514 919 594 quippe

158 609 211 664 iste
230 607 304 666 ordo
323 605 539 686 pulcherrimus
557 625 655 662 rerum
673 604 759 663 valde
773 603 918 664 bonarum

158 696 251 756 modis
270 697 329 756 suis
347 696 475 775 peractis
497 695 671 753 transiturus
696 707 754 766 est3
780 709 809 753 et
834 716 920 754 mane

158 786 268 863 quippe¹
282 786 312 845 in
326 787 367 844 eis
382 786 491 844 factum
508 797 567 857 est,
584 797 613 841 et
627 802 757 862 vespera.

383 951 518 1014 orror
539 951 689 1014 xxxvl.
733 919 737 926 ’

160 1121 162 1127 ’
229 1101 301 1156 Diem
314 1101 443 1170 septimum
454 1114 553 1168 vespera
564 1116 640 1168 quare
658 1116 707 1151 uou
724 1097 847 1169 sequatur.

170 1239 172 1243 ’
197 1245 246 1304 51.
267 1246 337 1306 Dies
355 1259 452 1305 autem
475 1245 615 1323 septimus
639 1245 699 1302 sine
720 1265 843 1324 vespera
863 1259 919 1320 est,

157 1356 211 1396 nec
230 1336 322 1396 habet
336 1331 487 1407 occasum,
507 1336 576 1413 quia
595 1337 778 1394 sanctificasti
789 1325 862 1396 eum
882 1338 919 1396 ad

157 1428 390 1505 permansionem
412 1415 638 1503 ¹sempiternam3
665 1439 698 1483 ut
722 1425 752 1484 id
778 1428 859 1505 quod
886 1443 919 1487 tu

158 1531 226 1597 post
240 1537 332 1594 opera
348 1529 398 1574 tua
413 1514 492 1573 bonu
510 1515 613 1585 valde,
630 1517 764 1590 quamvis
780 1537 814 1576 ea
833 1519 918 1596 quie-

160 1621 205 1665 tus
219 1607 338 1678 feceris,
355 1604 525 1682 requievisti
543 1605 667 1688 septimo
685 1605 747 1677 die,
767 1606 823 1664 hoc
843 1627 920 1685 prae-

160 1698 298 1774 loquatur
320 1694 405 1754 nobis
433 1714 491 1752 vox
517 1692 598 1752 Libri
623 1695 682 1776 tui,
708 1695 788 1772 quod
814 1709 844 1753 et
868 1717 920 1756 nos

159 1800 226 1866 post
245 1807 336 1867 opera
359 1797 472 1858 nostra,
494 1783 562 1844 ideo
583 1784 663 1844 bona
688 1785 775 1844 valde
796 1786 865 1867 quia
888 1800 920 1846 tu

159 1878 244 1940 nobis
260 1898 294 1938 eu
313 1877 441 1951 donasti,
455 1875 579 1938 sabbato
595 1878 665 1961 vitae¹
677 1891 790 1936 aetemae
805 1878 918 1954 requie·

158 1991 272 2042 scamus
291 1973 321 2030 in
344 1985 380 2030 te.
495 1971 498 1986 ’
538 1959 540 1964 ’

373 2117 507 2191 CAPUT
527 2127 696 2191 XXXVII.

324 2283 390 2329 Deus
407 2279 433 2329 in
445 2277 517 2328 uobis
530 2277 630 2343 pundo,
640 2276 756 2344 quiescet.

197 2422 245 2482 52.
259 2423 353 2482 Etiam
368 2435 438 2482 tunc
451 2421 529 2480 enim
543 2421 585 2480 sic
602 2421 766 2498 requiesces
778 2420 808 2477 in
820 2419 916 2490 nobis,

158 2512 405 2590 quemadmodum
426 2533 504 2570 nunc
523 2511 654 2588 operaris
674 2509 819 2580 innobis3
835 2509 918 2567 etita

159 2604 214 2662 erit
232 2605 282 2662 illa
301 2603 416 2680 requies
435 2615 486 2659 tua
508 2621 563 2678 per
581 2620 646 2672 nos,
670 2598 918 2676 quemadmodum

158 2707 226 2752 sunt
236 2695 291 2752 ista
304 2711 395 2770 opera
407 2704 457 2750 tua
471 2711 523 2769 per
534 2710 595 2748 nos.
605 2695 648 2747 Tu
660 2701 772 2760 autem,
782 2689 919 2760 Domine,

159 2804 275 2863 semper
287 2783 432 2863 operaris,
450 2794 479 2840 et
495 2801 609 2860 semper
624 2779 790 2858 requiescis.
804 2779 919 2838 Neori-

101 2873 104 2878 ‘
159 2873 210 2932 des
224 2873 261 2932 ad
278 2872 430 2952 tempus*,
449 2893 502 2931 nec
520 2870 645 2929 moveris
660 2869 697 2928 ad
717 2883 846 2948 tempus,
864 2889 917 2927 nec

159 2964 284 3044 quiescis
302 2965 339 3023 ad
356 2977 486 3043 tempus3
505 2975 646 3022 ettamen
664 2961 734 3020 facis
748 2973 777 3019 et
790 2960 918 3018 visiones

160 3056 350 3134 temporales,
374 3067 402 3114 et
425 3055 488 3133 ipsa
509 3067 656 3132 tempora,
677 3066 707 3112 et
730 3053 857 3131 quietem
882 3069 918 3107 ex

160 3161 299 3225 tempore.
714 3147 716 3152 '
