2326 4020
316 407 570 461 conmonuit
585 409 680 463 blm
698 415 718 462 1.
861 417 892 464 21

136 505 460 588 prudentioribus-non
481 507 519 567 ad
540 521 643 570 nutum
662 511 822 573 voluntatis
840 511 897 574 cb-

136 597 383 682 tentperantibus3
402 598 534 658 feriendo
553 595 661 660 nocere
677 602 731 662 niti
752 616 895 681 qnantum

135 703 242 774 potest,
255 691 397 768 quianon
408 688 550 749 obeditur
562 691 691 769 imperiis
706 692 814 771 quibus
827 711 896 774 por-

118 780 247 840 ·niciose
267 778 456 842 obedirentrt.
477 783 523 838 Ita
540 777 723 840 imbecillitas
746 783 895 844 membro-

136 889 207 928 rum
220 869 395 928 infantilium
410 868 550 928 innocens
567 881 627 942 est,
641 889 701 937 non
717 871 831 932 mmsis
846 873 894 932 in-

139 957 270 1018 fantium.
290 957 358 1018 vidi
381 977 436 1036 ego
455 969 484 1016 et
504 969 642 1036 expertus
667 977 732 1018 sum
751 961 893 1022 zelantem

138 1048 295 1128 parvulum
311 1069 319 1106 ε
336 1046 467 1106 noudum
482 1045 670 1125 loquebatur,
684 1061 714 1107 et
724 1047 894 1111 intuebatur

137 1137 266 1216 pallidus
288 1155 387 1198 amaro
415 1149 536 1216 aspectu
561 1136 771 1198 collactaneum
789 1159 894 1202 sunm.

130 1217 210 1316 'Quis
224 1227 284 1288 hoc
299 1221 568 1306 ignoratlssxpiare
586 1247 618 1288 se
637 1227 738 1288 dicunt
753 1228 810 1290 ista
829 1249 894 1291 ma·

137 1331 196 1377 tres
209 1330 298 1396 aque
306 1318 435 1379 nutrices
444 1318 542 1378 nescio
554 1317 662 1396 quibus
673 1319 817 1383 remediis.
830 1321 893 1381 Nisi

136 1426 209 1467 vero
223 1421 253 1467 et
266 1408 322 1468 ista
334 1407 500 1468 innocentia
512 1419 565 1481 est,
575 1408 606 1466 in
619 1409 699 1468 fonte
714 1409 798 1470 lactis
807 1409 894 1470 uber-

136 1499 190 1558 tim
208 1511 345 1558 manante
362 1513 450 1577 atque
467 1498 649 1572 abundante,
667 1500 737 1579 opis
746 1489 897 1579 egentissi-

135 1606 233 1662 mum,
243 1599 274 1647 et
284 1588 337 1647 illo
350 1585 449 1653 adbuc
458 1607 518 1647 nno
532 1587 670 1648 alimento
683 1589 774 1670 vitam
785 1589 894 1650 ducem

136 1692 209 1753 tem,
221 1692 385 1740 consortem
394 1699 454 1740 non
461 1681 533 1760 pati.
541 1681 598 1742 Sed
611 1680 719 1753 blande
731 1683 895 1758 tolerantur

135 1769 212 1842 benc,
223 1789 283 1828 non
296 1769 366 1848 quia
378 1770 460 1829 nulla
474 1771 521 1830 vel
534 1787 637 1850 parva,
651 1770 703 1830 sed
718 1773 787 1848 quia
800 1771 892 1836 colafis

135 1878 257 1918 accessu
269 1859 400 1937 petitura
409 1872 485 1918 sunt.
497 1859 585 1936 Quod
598 1859 667 1920 licet
675 1857 793 1938 probes,
805 1859 893 1920 cum*

136 1947 211 2008 fetri
233 1967 316 2027 aequo
338 1949 436 2008 animo
456 1939 559 2032 callem
583 1949 648 2030 ipsa
673 1968 733 2020 uon
756 1961 892 2026 possunt,

8 2061 23 2088 ι
138 2037 258 2116 quando
273 2038 305 2097 iu
327 2039 428 2117 aliquo
445 2039 599 2101 annosiore
623 2037 892 2118 deprehenduntur.

179 2127 225 2188 12.
238 2133 283 2190 Tu
292 2129 400 2208 itaque,
411 2132 542 2194 Domine
548 2137 628 2192 Deus
639 2149 732 2214 meus,
743 2130 796 2209 qni
807 2129 892 2190 dedi-

135 2219 173 2280 sti
185 2220 277 2288 vitam
287 2221 404 2292 infanti,
417 2233 447 2280 et
464 2241 581 2304 corpus,
601 2219 681 2300 quod
700 2221 787 2280 ita'ut
807 2218 892 2280 vide-

136 2328 201 2370 mos
217 2309 381 2384 instruxisti
399 2309 540 2384 sensibus,
552 2310 724 2390 ,compegisti
741 2308 890 2383 membris,

135 2400 231 2479 figura
239 2399 392 2473 decorasti,
403 2419 517 2479 proque
533 2399 596 2478 ejus
605 2399 794 2459 universitate
803 2394 892 2479 atque

136 2489 335 2562 incolumitate
347 2485 448 2562 omnes
461 2489 753 2556 conamsanimautis.
761 2491 892 2570 insinua-

137 2581 191 2655 sti;
198 2580 286 2659 jubes
295 2601 342 2642 me
352 2580 473 2643 laudare
481 2593 513 2656 ,te
526 2582 558 2640 in
569 2581 632 2642 istis
642 2593 672 2639 et
685 2580 817 2641 confiteri
825 2569 892 2654 ¹tibi,

137 2683 167 2732 et
180 2672 306 2750 psallere
321 2670 432 2732 nomini
449 2670 687 2745 tuo,.bltissime¹
703 2692 711 2728 ε
731 2670 800 2750 quia
812 2674 892 2728 Dens

135 2783 168 2828 ta
181 2764 367 2842 omnipotens
377 2775 410 2822 et
417 2761 523 2836 bonus,
534 2760 647 2822 etiamsi
662 2759 725 2831 sole
735 2759 791 2819 iste
808 2759 891 2821 secis-

137 2870 191 2926 ses,
202 2871 269 2932 quse
279 2870 366 2924 nemo
379 2850 453 2910 alius
469 2862 565 2932 potest
577 2851 683 2922 lacere,
696 2847 752 2918 nisi
767 2859 808 2922 tu,
822 2863 890 2922 une,

137 2962 224 3022 aquo
234 2956 280 3005 est
294 2942 390 3013 omnis
404 2938 526 3016 modim
539 2941 753 3018 formosissime,
767 2938 818 3017 qui
834 2937 892 2997 lor·

172 3128 180 3153 ¹
193 3118 260 3171 Psal.
274 3133 329 3178 xci,
344 3121 368 3168 2.
