<?xml version="1.0" encoding="UTF-8"?>
<!DOCTYPE html PUBLIC "-//W3C//DTD XHTML 1.0 Transitional//EN"
    "http://www.w3.org/TR/xhtml1/DTD/xhtml1-transitional.dtd">
<html xmlns="http://www.w3.org/1999/xhtml" xml:lang="en" lang="en">
 <head>
  <title>
</title>
<meta http-equiv="Content-Type" content="text/html;charset=utf-8" />
  <meta name='ocr-system' content='tesseract 3.04.00' />
  <meta name='ocr-capabilities' content='ocr_page ocr_carea ocr_par ocr_line ocrx_word'/>
</head>
<body>
  <div class='ocr_page' id='page_1' title='image "./confessionumlib00maugoog_0421.png"; bbox 0 0 2352 4094; ppageno 0'>
   <div class='ocr_carea' id='block_1_1' title="bbox 331 384 935 456">
    <p class='ocr_par' dir='ltr' id='par_1_1' title="bbox 331 384 935 456">
     <span class='ocr_line' id='line_1_1' title="bbox 331 384 935 456; baseline 0.008 -8"><span class='ocrx_word' id='word_1_1' title='bbox 331 396 585 456; x_wconf 75' lang='lat' dir='ltr'><strong>conressrontnr</strong></span> <span class='ocrx_word' id='word_1_2' title='bbox 600 384 773 456; x_wconf 77' lang='grc' dir='ltr'>ιιιιιιιιιι.</span> <span class='ocrx_word' id='word_1_3' title='bbox 883 400 935 454; x_wconf 80' lang='grc' dir='ltr'><strong>ιιι</strong></span> 
     </span>
    </p>
   </div>
   <div class='ocr_carea' id='block_1_2' title="bbox 170 496 975 1450">
    <p class='ocr_par' dir='ltr' id='par_1_2' title="bbox 170 496 975 1404">
     <span class='ocr_line' id='line_1_2' title="bbox 170 496 935 579; baseline 0.004 -20"><span class='ocrx_word' id='word_1_4' title='bbox 170 512 231 572; x_wconf 87' lang='lat' dir='ltr'><strong>set,</strong></span> <span class='ocrx_word' id='word_1_5' title='bbox 242 517 308 566; x_wconf 84' lang='lat' dir='ltr'><strong>mea</strong></span> <span class='ocrx_word' id='word_1_6' title='bbox 321 496 412 558; x_wconf 86' lang='lat' dir='ltr'><strong>verba</strong></span> <span class='ocrx_word' id='word_1_7' title='bbox 428 511 613 574; x_wconf 81' lang='lat' dir='ltr'>resonarent,</span> <span class='ocrx_word' id='word_1_8' title='bbox 628 514 719 579; x_wconf 82' lang='lat' dir='ltr'><strong>quem</strong></span> <span class='ocrx_word' id='word_1_9' title='bbox 731 513 868 567; x_wconf 77' lang='lat' dir='ltr'><strong>utonem</strong></span> <span class='ocrx_word' id='word_1_10' title='bbox 882 525 935 566; x_wconf 84' lang='lat' dir='ltr'><strong>ve-</strong></span> 
     </span>
     <span class='ocr_line' id='line_1_3' title="bbox 170 589 936 670; baseline 0.005 -20"><span class='ocrx_word' id='word_1_11' title='bbox 170 611 231 652; x_wconf 83' lang='lat' dir='ltr'><strong>ram</strong></span> <span class='ocrx_word' id='word_1_12' title='bbox 251 589 426 650; x_wconf 87' lang='lat' dir='ltr'><strong>sententiam</strong></span> <span class='ocrx_word' id='word_1_13' title='bbox 447 589 485 648; x_wconf 83' lang='lat' dir='ltr'><strong>ad</strong></span> <span class='ocrx_word' id='word_1_14' title='bbox 504 589 561 650; x_wconf 88' lang='lat' dir='ltr'><strong>hoe</strong></span> <span class='ocrx_word' id='word_1_15' title='bbox 582 591 712 670; x_wconf 75' lang='lat' dir='ltr'><strong>apertius</strong></span> <span class='ocrx_word' id='word_1_16' title='bbox 733 608 887 670; x_wconf 78' lang='lat' dir='ltr'><strong>ponerem,</strong></span> <span class='ocrx_word' id='word_1_17' title='bbox 901 609 936 656; x_wconf 83' lang='lat' dir='ltr'><strong>nt</strong></span> 
     </span>
     <span class='ocr_line' id='line_1_4' title="bbox 170 680 935 758; baseline 0.007 -16"><span class='ocrx_word' id='word_1_18' title='bbox 170 680 356 742; x_wconf 73' lang='lat' dir='ltr'><strong>excluderem</strong></span> <span class='ocrx_word' id='word_1_19' title='bbox 377 693 515 752; x_wconf 76' lang='lat' dir='ltr'><strong>ceteras,</strong></span> <span class='ocrx_word' id='word_1_20' title='bbox 533 700 659 758; x_wconf 85' lang='lat' dir='ltr'><strong>quarum</strong></span> <span class='ocrx_word' id='word_1_21' title='bbox 684 681 794 745; x_wconf 75' lang='lat' dir='ltr'><strong>salsitas</strong></span> <span class='ocrx_word' id='word_1_22' title='bbox 813 693 935 746; x_wconf 80' lang='lat' dir='ltr'><strong>menon</strong></span> 
     </span>
     <span class='ocr_line' id='line_1_5' title="bbox 170 771 934 852; baseline 0.007 -19"><span class='ocrx_word' id='word_1_23' title='bbox 170 784 267 851; x_wconf 84' lang='lat' dir='ltr'><strong>posset</strong></span> <span class='ocrx_word' id='word_1_24' title='bbox 281 771 528 834; x_wconf 78' lang='lat' dir='ltr'><strong>offendere-Nolo</strong></span> <span class='ocrx_word' id='word_1_25' title='bbox 542 773 656 852; x_wconf 84' lang='lat' dir='ltr'><strong>itaque,</strong></span> <span class='ocrx_word' id='word_1_26' title='bbox 670 778 751 836; x_wconf 84' lang='lat' dir='ltr'><strong>Dens</strong></span> <span class='ocrx_word' id='word_1_27' title='bbox 766 789 934 846; x_wconf 56' lang='lat' dir='ltr'><strong>menatem</strong></span> 
     </span>
     <span class='ocr_line' id='line_1_6' title="bbox 170 864 935 944; baseline 0.005 -18"><span class='ocrx_word' id='word_1_28' title='bbox 170 883 302 944; x_wconf 68' lang='lat' dir='ltr'><strong>preceps</strong></span> <span class='ocrx_word' id='word_1_29' title='bbox 309 883 383 937; x_wconf 73' lang='lat' dir='ltr'><strong>sese,</strong></span> <span class='ocrx_word' id='word_1_30' title='bbox 394 875 429 924; x_wconf 88' lang='lat' dir='ltr'><strong>nt</strong></span> <span class='ocrx_word' id='word_1_31' title='bbox 439 864 590 928; x_wconf 73' lang='lat' dir='ltr'><strong>hocithrm</strong></span> <span class='ocrx_word' id='word_1_32' title='bbox 599 866 695 928; x_wconf 82' lang='lat' dir='ltr'><strong>virtnn</strong></span> <span class='ocrx_word' id='word_1_33' title='bbox 707 866 935 930; x_wconf 66' lang='lat' dir='ltr'><strong>deterrererisse</strong></span> 
     </span>
     <span class='ocr_line' id='line_1_7' title="bbox 171 953 975 1037; baseline 0.005 -23"><span class='ocrx_word' id='word_1_34' title='bbox 171 975 231 1014; x_wconf 82' lang='lat' dir='ltr'><strong>non</strong></span> <span class='ocrx_word' id='word_1_35' title='bbox 250 953 375 1020; x_wconf 77' lang='lat' dir='ltr'><strong>credam.</strong></span> <span class='ocrx_word' id='word_1_36' title='bbox 395 955 492 1018; x_wconf 81' lang='lat' dir='ltr'><strong>Sensit</strong></span> <span class='ocrx_word' id='word_1_37' title='bbox 511 955 562 1037; x_wconf 87' lang='lat' dir='ltr'><strong>ille</strong></span> <span class='ocrx_word' id='word_1_38' title='bbox 580 955 702 1018; x_wconf 83' lang='lat' dir='ltr'><strong>omnino</strong></span> <span class='ocrx_word' id='word_1_39' title='bbox 719 956 750 1016; x_wconf 90' lang='lat' dir='ltr'><strong>in</strong></span> <span class='ocrx_word' id='word_1_40' title='bbox 762 956 808 1018; x_wconf 81' lang='lat' dir='ltr'><strong>in&#39;s</strong></span> <span class='ocrx_word' id='word_1_41' title='bbox 821 956 934 1029; x_wconf 71' lang='lat' dir='ltr'><strong>verbis,</strong></span> <span class='ocrx_word' id='word_1_42' title='bbox 973 1013 975 1018; x_wconf 81' lang='grc'>,</span> 
     </span>
     <span class='ocr_line' id='line_1_8' title="bbox 172 1044 934 1150; baseline 0.005 -46"><span class='ocrx_word' id='word_1_43' title='bbox 172 1059 259 1150; x_wconf 76' lang='lat' dir='ltr'><strong>atqne</strong></span> <span class='ocrx_word' id='word_1_44' title='bbox 270 1044 412 1124; x_wconf 76' lang='lat' dir='ltr'><strong>cogitavit</strong></span> <span class='ocrx_word' id='word_1_45' title='bbox 424 1065 537 1150; x_wconf 73' lang='grc' dir='ltr'>ιιιιιιι</span> <span class='ocrx_word' id='word_1_46' title='bbox 547 1045 708 1134; x_wconf 73' lang='lat' dir='ltr'><strong>scriberet,</strong></span> <span class='ocrx_word' id='word_1_47' title='bbox 724 1046 868 1126; x_wconf 76' lang='lat' dir='ltr'><strong>quidquid</strong></span> <span class='ocrx_word' id='word_1_48' title='bbox 886 1049 934 1123; x_wconf 77' lang='lat' dir='ltr'><strong>irio</strong></span> 
     </span>
     <span class='ocr_line' id='line_1_9' title="bbox 172 1137 933 1218; baseline 0.005 -24"><span class='ocrx_word' id='word_1_49' title='bbox 172 1137 235 1198; x_wconf 85' lang='lat' dir='ltr'><strong>veri</strong></span> <span class='ocrx_word' id='word_1_50' title='bbox 253 1137 422 1218; x_wconf 76' lang='lat' dir='ltr'><strong>potuimus</strong></span> <span class='ocrx_word' id='word_1_51' title='bbox 423 1137 572 1211; x_wconf 70' lang='lat' dir='ltr'><strong>invenire,</strong></span> <span class='ocrx_word' id='word_1_52' title='bbox 591 1151 623 1199; x_wconf 91' lang='lat' dir='ltr'><strong>et</strong></span> <span class='ocrx_word' id='word_1_53' title='bbox 634 1137 788 1217; x_wconf 88' lang='lat' dir='ltr'><strong>qnidquid-</strong></span> <span class='ocrx_word' id='word_1_54' title='bbox 801 1159 854 1201; x_wconf 87' lang='lat' dir='ltr'><strong>nos</strong></span> <span class='ocrx_word' id='word_1_55' title='bbox 874 1159 933 1199; x_wconf 88' lang='lat' dir='ltr'><strong>non</strong></span> 
     </span>
     <span class='ocr_line' id='line_1_10' title="bbox 171 1229 934 1334; baseline 0.005 -46"><span class='ocrx_word' id='word_1_56' title='bbox 171 1229 338 1333; x_wconf 72' lang='lat' dir='ltr'><strong>potnimns,</strong></span> <span class='ocrx_word' id='word_1_57' title='bbox 352 1241 403 1289; x_wconf 89' lang='lat' dir='ltr'><strong>aut</strong></span> <span class='ocrx_word' id='word_1_58' title='bbox 420 1229 554 1290; x_wconf 81' lang='lat' dir='ltr'><strong>nondum</strong></span> <span class='ocrx_word' id='word_1_59' title='bbox 564 1249 733 1310; x_wconf 74' lang='lat' dir='ltr'><strong>possumus,</strong></span> <span class='ocrx_word' id='word_1_60' title='bbox 746 1243 777 1288; x_wconf 82' lang='lat' dir='ltr'><strong>ot</strong></span> <span class='ocrx_word' id='word_1_61' title='bbox 791 1243 887 1334; x_wconf 71' lang='lat' dir='ltr'><strong>tanton</strong></span> <span class='ocrx_word' id='word_1_62' title='bbox 902 1231 934 1292; x_wconf 87' lang='lat' dir='ltr'><strong>in</strong></span> 
     </span>
     <span class='ocr_line' id='line_1_11' title="bbox 171 1318 718 1450; baseline 0.007 -74"><span class='ocrx_word' id='word_1_63' title='bbox 171 1318 212 1424; x_wconf 77' lang='lat' dir='ltr'><strong>tis</strong></span> <span class='ocrx_word' id='word_1_64' title='bbox 233 1319 369 1380; x_wconf 81' lang='lat' dir='ltr'><strong>inveniri</strong></span> <span class='ocrx_word' id='word_1_65' title='bbox 379 1332 482 1450; x_wconf 77' lang='lat' dir='ltr'><strong>potest.</strong></span> <span class='ocrx_word' id='word_1_66' title='bbox 560 1398 564 1402; x_wconf 28' lang='lat'>·</span> <span class='ocrx_word' id='word_1_67' title='bbox 609 1329 611 1332; x_wconf 82' lang='grc'><strong>’</strong></span> <span class='ocrx_word' id='word_1_68' title='bbox 631 1401 635 1404; x_wconf 31' lang='grc'>-</span> <span class='ocrx_word' id='word_1_69' title='bbox 708 1349 718 1362; x_wconf 52' lang='lat'>⁶</span> 
     </span>
    </p>
   </div>
   <div class='ocr_carea' id='block_1_3' title="bbox 364 1445 787 1562">
    <p class='ocr_par' dir='ltr' id='par_1_3' title="bbox 364 1445 787 1562">
     <span class='ocr_line' id='line_1_12' title="bbox 364 1445 787 1562; baseline -0.003 0.104"><span class='ocrx_word' id='word_1_70' title='bbox 364 1445 538 1562; x_wconf 77' lang='lat' dir='ltr'><strong>mont</strong></span> <span class='ocrx_word' id='word_1_71' title='bbox 559 1496 696 1562; x_wconf 79' lang='lat' dir='ltr'><strong>xxxo.</strong></span> <span class='ocrx_word' id='word_1_72' title='bbox 784 1449 787 1456; x_wconf 37' lang='lat'><strong>⁴</strong></span> 
     </span>
    </p>
   </div>
   <div class='ocr_carea' id='block_1_4' title="bbox 179 1611 920 1714">
    <p class='ocr_par' dir='ltr' id='par_1_4' title="bbox 179 1611 920 1714">
     <span class='ocr_line' id='line_1_13' title="bbox 179 1611 920 1714; baseline 0.001 -19"><span class='ocrx_word' id='word_1_73' title='bbox 179 1647 239 1697; x_wconf 86' lang='lat' dir='ltr'><strong>Veri</strong></span> <span class='ocrx_word' id='word_1_74' title='bbox 263 1646 394 1714; x_wconf 75' lang='lat' dir='ltr'><strong>scriptura</strong></span> <span class='ocrx_word' id='word_1_75' title='bbox 413 1661 498 1695; x_wconf 87' lang='lat' dir='ltr'><strong>sensns</strong></span> <span class='ocrx_word' id='word_1_76' title='bbox 521 1643 646 1712; x_wconf 83' lang='lat' dir='ltr'><strong>aspiritn</strong></span> <span class='ocrx_word' id='word_1_77' title='bbox 669 1653 752 1696; x_wconf 82' lang='lat' dir='ltr'><strong>annoto</strong></span> <span class='ocrx_word' id='word_1_78' title='bbox 774 1611 920 1696; x_wconf 85' lang='lat' dir='ltr'><strong>revelantur.</strong></span> 
     </span>
    </p>
   </div>
   <div class='ocr_carea' id='block_1_5' title="bbox 171 1793 933 2078">
    <p class='ocr_par' dir='ltr' id='par_1_5' title="bbox 171 1793 932 2052">
     <span class='ocr_line' id='line_1_14' title="bbox 212 1793 932 1870; baseline 0 -17"><span class='ocrx_word' id='word_1_79' title='bbox 212 1795 259 1854; x_wconf 77' lang='lat'><strong>43.</strong></span> <span class='ocrx_word' id='word_1_80' title='bbox 273 1799 438 1866; x_wconf 86' lang='lat' dir='ltr'><strong>Postremo,</strong></span> <span class='ocrx_word' id='word_1_81' title='bbox 451 1793 575 1868; x_wconf 84' lang='lat' dir='ltr'><strong>Domine</strong></span> <span class='ocrx_word' id='word_1_82' title='bbox 595 1795 647 1870; x_wconf 88' lang='lat' dir='ltr'><strong>qni</strong></span> <span class='ocrx_word' id='word_1_83' title='bbox 668 1797 748 1852; x_wconf 87' lang='lat' dir='ltr'><strong>Dens</strong></span> <span class='ocrx_word' id='word_1_84' title='bbox 767 1793 811 1864; x_wconf 84' lang='lat' dir='ltr'><strong>es,</strong></span> <span class='ocrx_word' id='word_1_85' title='bbox 826 1807 855 1851; x_wconf 90' lang='lat' dir='ltr'><strong>et</strong></span> <span class='ocrx_word' id='word_1_86' title='bbox 873 1815 932 1853; x_wconf 89' lang='lat' dir='ltr'><strong>non</strong></span> 
     </span>
     <span class='ocr_line' id='line_1_15' title="bbox 171 1882 933 1961; baseline -0.003 -17"><span class='ocrx_word' id='word_1_87' title='bbox 171 1905 240 1944; x_wconf 83' lang='lat' dir='ltr'><strong>earo</strong></span> <span class='ocrx_word' id='word_1_88' title='bbox 249 1897 279 1944; x_wconf 90' lang='lat' dir='ltr'><strong>et</strong></span> <span class='ocrx_word' id='word_1_89' title='bbox 289 1903 418 1961; x_wconf 84' lang='lat' dir='ltr'><strong>sangurs</strong></span> <span class='ocrx_word' id='word_1_90' title='bbox 428 1882 546 1961; x_wconf 82' lang='lat' dir='ltr'><strong>siquid</strong></span> <span class='ocrx_word' id='word_1_91' title='bbox 542 1883 632 1941; x_wconf 89' lang='lat' dir='ltr'><strong>homo</strong></span> <span class='ocrx_word' id='word_1_92' title='bbox 643 1902 738 1942; x_wconf 78' lang='lat' dir='ltr'><strong>minus</strong></span> <span class='ocrx_word' id='word_1_93' title='bbox 746 1883 839 1955; x_wconf 86' lang='lat' dir='ltr'><strong>vrdet</strong></span> <span class='ocrx_word' id='word_1_94' title='bbox 850 1904 933 1942; x_wconf 91' lang='lat' dir='ltr'><strong>num-</strong></span> 
     </span>
     <span class='ocr_line' id='line_1_16' title="bbox 172 1972 932 2078; baseline 0 -46"><span class='ocrx_word' id='word_1_95' title='bbox 172 1974 243 2052; x_wconf 83' lang='lat' dir='ltr'><strong>quid</strong></span> <span class='ocrx_word' id='word_1_96' title='bbox 256 1987 286 2033; x_wconf 86' lang='lat' dir='ltr'><strong>et</strong></span> <span class='ocrx_word' id='word_1_97' title='bbox 298 1973 437 2052; x_wconf 87' lang='lat' dir='ltr'><strong>Spiritum</strong></span> <span class='ocrx_word' id='word_1_98' title='bbox 457 1985 540 2032; x_wconf 89' lang='lat' dir='ltr'><strong>tuum</strong></span> <span class='ocrx_word' id='word_1_99' title='bbox 551 1972 669 2032; x_wconf 89' lang='lat' dir='ltr'><strong>honum</strong></span> <span class='ocrx_word' id='word_1_100' title='bbox 683 1993 735 2078; x_wconf 82' lang='lat' dir='ltr'><strong>qur</strong></span> <span class='ocrx_word' id='word_1_101' title='bbox 727 1973 874 2054; x_wconf 84' lang='lat' dir='ltr'><strong>&#39;deducet</strong></span> <span class='ocrx_word' id='word_1_102' title='bbox 886 1995 932 2032; x_wconf 90' lang='lat' dir='ltr'><strong>me</strong></span> 
     </span>
    </p>
   </div>
   <div class='ocr_carea' id='block_1_6' title="bbox 172 2050 1038 2145">
    <p class='ocr_par' dir='ltr' id='par_1_6' title="bbox 172 2050 1038 2145">
     <span class='ocr_line' id='line_1_17' title="bbox 172 2050 1038 2145; baseline 0.002 -22"><span class='ocrx_word' id='word_1_103' title='bbox 172 2066 201 2123; x_wconf 92' lang='lat' dir='ltr'><strong>in</strong></span> <span class='ocrx_word' id='word_1_104' title='bbox 212 2078 319 2125; x_wconf 89' lang='lat' dir='ltr'><strong>terram</strong></span> <span class='ocrx_word' id='word_1_105' title='bbox 332 2075 470 2136; x_wconf 81' lang='lat' dir='ltr'><strong>rectam1,</strong></span> <span class='ocrx_word' id='word_1_106' title='bbox 482 2063 573 2122; x_wconf 87' lang='lat' dir='ltr'><strong>latere</strong></span> <span class='ocrx_word' id='word_1_107' title='bbox 587 2064 697 2142; x_wconf 88' lang='lat' dir='ltr'><strong>potnit,</strong></span> <span class='ocrx_word' id='word_1_108' title='bbox 684 2050 855 2143; x_wconf 86' lang='lat' dir='ltr'><strong>quidquid</strong></span> <span class='ocrx_word' id='word_1_109' title='bbox 869 2083 933 2124; x_wconf 87' lang='lat' dir='ltr'><strong>eras</strong></span> <span class='ocrx_word' id='word_1_110' title='bbox 1035 2141 1038 2145; x_wconf 23' lang='lat'>·</span> 
     </span>
    </p>
   </div>
   <div class='ocr_carea' id='block_1_7' title="bbox 164 2155 934 2686">
    <p class='ocr_par' dir='ltr' id='par_1_7' title="bbox 164 2155 934 2686">
     <span class='ocr_line' id='line_1_18' title="bbox 171 2155 932 2237; baseline 0 -23"><span class='ocrx_word' id='word_1_111' title='bbox 171 2157 202 2214; x_wconf 89' lang='lat' dir='ltr'><strong>in</strong></span> <span class='ocrx_word' id='word_1_112' title='bbox 216 2156 257 2215; x_wconf 88' lang='lat' dir='ltr'><strong>eis</strong></span> <span class='ocrx_word' id='word_1_113' title='bbox 266 2155 366 2215; x_wconf 85' lang='lat' dir='ltr'><strong>verbis</strong></span> <span class='ocrx_word' id='word_1_114' title='bbox 378 2167 409 2214; x_wconf 92' lang='lat' dir='ltr'><strong>tu</strong></span> <span class='ocrx_word' id='word_1_115' title='bbox 427 2155 491 2232; x_wconf 89' lang='lat' dir='ltr'><strong>ipse</strong></span> <span class='ocrx_word' id='word_1_116' title='bbox 503 2156 687 2215; x_wconf 85' lang='lat' dir='ltr'><strong>revelaturus</strong></span> <span class='ocrx_word' id='word_1_117' title='bbox 698 2155 862 2235; x_wconf 83' lang='lat' dir='ltr'><strong>legentibus</strong></span> <span class='ocrx_word' id='word_1_118' title='bbox 875 2177 932 2237; x_wconf 89' lang='lat' dir='ltr'><strong>po-</strong></span> 
     </span>
     <span class='ocr_line' id='line_1_19' title="bbox 164 2241 931 2330; baseline 0 -26"><span class='ocrx_word' id='word_1_119' title='bbox 164 2245 272 2330; x_wconf 69' lang='lat' dir='ltr'><strong>steris,</strong></span> <span class='ocrx_word' id='word_1_120' title='bbox 287 2245 398 2305; x_wconf 88' lang='lat' dir='ltr'><strong>etiarnsi</strong></span> <span class='ocrx_word' id='word_1_121' title='bbox 416 2245 466 2304; x_wconf 88' lang='lat' dir='ltr'><strong>ille</strong></span> <span class='ocrx_word' id='word_1_122' title='bbox 480 2241 632 2325; x_wconf 83' lang='lat' dir='ltr'><strong>perquem</strong></span> <span class='ocrx_word' id='word_1_123' title='bbox 646 2246 725 2305; x_wconf 88' lang='lat' dir='ltr'><strong>diota</strong></span> <span class='ocrx_word' id='word_1_124' title='bbox 746 2261 827 2317; x_wconf 89' lang='lat' dir='ltr'><strong>sunt,</strong></span> <span class='ocrx_word' id='word_1_125' title='bbox 844 2266 931 2305; x_wconf 89' lang='lat' dir='ltr'><strong>unam</strong></span> 
     </span>
     <span class='ocr_line' id='line_1_20' title="bbox 171 2338 933 2416; baseline 0 -20"><span class='ocrx_word' id='word_1_126' title='bbox 171 2338 300 2397; x_wconf 86' lang='lat' dir='ltr'><strong>fortassis</strong></span> <span class='ocrx_word' id='word_1_127' title='bbox 318 2358 354 2396; x_wconf 88' lang='lat' dir='ltr'><strong>ex</strong></span> <span class='ocrx_word' id='word_1_128' title='bbox 373 2339 472 2398; x_wconf 91' lang='lat' dir='ltr'><strong>multis</strong></span> <span class='ocrx_word' id='word_1_129' title='bbox 485 2338 562 2398; x_wconf 87' lang='lat' dir='ltr'><strong>veris</strong></span> <span class='ocrx_word' id='word_1_130' title='bbox 583 2339 755 2402; x_wconf 85' lang='lat' dir='ltr'><strong>sententiam</strong></span> <span class='ocrx_word' id='word_1_131' title='bbox 778 2339 933 2416; x_wconf 77' lang='lat' dir='ltr'><strong>cogitavit?</strong></span> 
     </span>
     <span class='ocr_line' id='line_1_21' title="bbox 171 2428 932 2509; baseline -0.003 -22"><span class='ocrx_word' id='word_1_132' title='bbox 171 2428 256 2503; x_wconf 88' lang='lat' dir='ltr'><strong>Quod</strong></span> <span class='ocrx_word' id='word_1_133' title='bbox 278 2429 302 2487; x_wconf 89' lang='lat' dir='ltr'><strong>si</strong></span> <span class='ocrx_word' id='word_1_134' title='bbox 322 2429 363 2488; x_wconf 91' lang='lat' dir='ltr'><strong>ita</strong></span> <span class='ocrx_word' id='word_1_135' title='bbox 379 2441 438 2502; x_wconf 87' lang='lat' dir='ltr'><strong>est,</strong></span> <span class='ocrx_word' id='word_1_136' title='bbox 454 2429 492 2489; x_wconf 88' lang='lat' dir='ltr'><strong>sit</strong></span> <span class='ocrx_word' id='word_1_137' title='bbox 506 2429 595 2509; x_wconf 80' lang='lat' dir='ltr'><strong>igitur</strong></span> <span class='ocrx_word' id='word_1_138' title='bbox 617 2429 771 2507; x_wconf 84' lang='lat' dir='ltr'><strong>illaquam</strong></span> <span class='ocrx_word' id='word_1_139' title='bbox 796 2428 932 2504; x_wconf 83' lang='lat' dir='ltr'><strong>cogitavit</strong></span> 
     </span>
     <span class='ocr_line' id='line_1_22' title="bbox 172 2519 933 2591; baseline -0.003 -13"><span class='ocrx_word' id='word_1_140' title='bbox 172 2519 283 2578; x_wconf 86' lang='lat' dir='ltr'><strong>caeteris</strong></span> <span class='ocrx_word' id='word_1_141' title='bbox 296 2519 439 2577; x_wconf 84' lang='lat' dir='ltr'><strong>excelsior</strong></span> <span class='ocrx_word' id='word_1_142' title='bbox 456 2521 479 2577; x_wconf 86' lang='lat'><strong>*.</strong></span> <span class='ocrx_word' id='word_1_143' title='bbox 494 2520 585 2578; x_wconf 87' lang='lat' dir='ltr'><strong>Nobis</strong></span> <span class='ocrx_word' id='word_1_144' title='bbox 605 2532 713 2591; x_wconf 88' lang='lat' dir='ltr'><strong>autern,</strong></span> <span class='ocrx_word' id='word_1_145' title='bbox 730 2519 864 2589; x_wconf 85' lang='lat' dir='ltr'><strong>Domine,</strong></span> <span class='ocrx_word' id='word_1_146' title='bbox 882 2533 933 2576; x_wconf 79' lang='lat' dir='ltr'><strong>arrt</strong></span> 
     </span>
     <span class='ocr_line' id='line_1_23' title="bbox 171 2605 934 2686; baseline -0.004 -18"><span class='ocrx_word' id='word_1_147' title='bbox 171 2609 265 2686; x_wconf 82' lang='lat' dir='ltr'><strong>ipsam</strong></span> <span class='ocrx_word' id='word_1_148' title='bbox 280 2607 463 2679; x_wconf 87' lang='lat' dir='ltr'><strong>demonstra,</strong></span> <span class='ocrx_word' id='word_1_149' title='bbox 475 2621 527 2668; x_wconf 86' lang='lat' dir='ltr'><strong>aut</strong></span> <span class='ocrx_word' id='word_1_150' title='bbox 539 2629 626 2686; x_wconf 86' lang='lat' dir='ltr'><strong>qnam</strong></span> <span class='ocrx_word' id='word_1_151' title='bbox 638 2610 736 2686; x_wconf 86' lang='lat' dir='ltr'><strong>placet</strong></span> <span class='ocrx_word' id='word_1_152' title='bbox 748 2605 869 2665; x_wconf 85' lang='lat' dir='ltr'><strong>alteram</strong></span> <span class='ocrx_word' id='word_1_153' title='bbox 884 2627 934 2666; x_wconf 87' lang='lat' dir='ltr'><strong>ve·</strong></span> 
     </span>
    </p>
   </div>
   <div class='ocr_carea' id='block_1_8' title="bbox 173 2696 1034 2781">
    <p class='ocr_par' dir='ltr' id='par_1_8' title="bbox 173 2696 1034 2781">
     <span class='ocr_line' id='line_1_24' title="bbox 173 2696 1034 2781; baseline -0.003 -24"><span class='ocrx_word' id='word_1_154' title='bbox 173 2718 250 2772; x_wconf 79' lang='lat' dir='ltr'><strong>ram3</strong></span> <span class='ocrx_word' id='word_1_155' title='bbox 262 2711 300 2781; x_wconf 82' lang='lat' dir='ltr'><strong>ut</strong></span> <span class='ocrx_word' id='word_1_156' title='bbox 308 2698 370 2758; x_wconf 87' lang='lat' dir='ltr'><strong>sive</strong></span> <span class='ocrx_word' id='word_1_157' title='bbox 389 2697 474 2758; x_wconf 89' lang='lat' dir='ltr'><strong>nohis</strong></span> <span class='ocrx_word' id='word_1_158' title='bbox 488 2699 546 2756; x_wconf 86' lang='lat' dir='ltr'><strong>hoo</strong></span> <span class='ocrx_word' id='word_1_159' title='bbox 558 2697 639 2775; x_wconf 84' lang='lat' dir='ltr'><strong>quod</strong></span> <span class='ocrx_word' id='word_1_160' title='bbox 657 2699 745 2756; x_wconf 88' lang='lat' dir='ltr'><strong>etiam</strong></span> <span class='ocrx_word' id='word_1_161' title='bbox 764 2696 807 2755; x_wconf 88' lang='lat' dir='ltr'><strong>illi</strong></span> <span class='ocrx_word' id='word_1_162' title='bbox 821 2697 933 2755; x_wconf 89' lang='lat' dir='ltr'><strong>homini</strong></span> <span class='ocrx_word' id='word_1_163' title='bbox 1030 2767 1034 2774; x_wconf 88' lang='lat'>.</span> 
     </span>
    </p>
   </div>
   <div class='ocr_carea' id='block_1_9' title="bbox 171 2786 932 3049">
    <p class='ocr_par' dir='ltr' id='par_1_9' title="bbox 171 2786 932 3049">
     <span class='ocr_line' id='line_1_25' title="bbox 172 2786 932 2862; baseline -0.001 -16"><span class='ocrx_word' id='word_1_164' title='bbox 172 2801 237 2862; x_wconf 90' lang='lat' dir='ltr'><strong>tuo,</strong></span> <span class='ocrx_word' id='word_1_165' title='bbox 250 2789 311 2849; x_wconf 88' lang='lat' dir='ltr'><strong>sive</strong></span> <span class='ocrx_word' id='word_1_166' title='bbox 332 2787 412 2846; x_wconf 91' lang='lat' dir='ltr'><strong>aliud</strong></span> <span class='ocrx_word' id='word_1_167' title='bbox 432 2808 469 2847; x_wconf 87' lang='lat' dir='ltr'><strong>ex</strong></span> <span class='ocrx_word' id='word_1_168' title='bbox 486 2786 655 2846; x_wconf 88' lang='lat' dir='ltr'><strong>eorumdem</strong></span> <span class='ocrx_word' id='word_1_169' title='bbox 673 2786 831 2845; x_wconf 87' lang='lat' dir='ltr'><strong>verborum</strong></span> <span class='ocrx_word' id='word_1_170' title='bbox 846 2805 932 2845; x_wconf 88' lang='lat' dir='ltr'><strong>occa—</strong></span> 
     </span>
     <span class='ocr_line' id='line_1_26' title="bbox 171 2876 932 2960; baseline -0.004 -22"><span class='ocrx_word' id='word_1_171' title='bbox 171 2880 253 2939; x_wconf 90' lang='lat' dir='ltr'><strong>sione</strong></span> <span class='ocrx_word' id='word_1_172' title='bbox 266 2879 437 2960; x_wconf 82' lang='lat' dir='ltr'><strong>patefacias,</strong></span> <span class='ocrx_word' id='word_1_173' title='bbox 451 2891 483 2938; x_wconf 90' lang='lat' dir='ltr'><strong>tu</strong></span> <span class='ocrx_word' id='word_1_174' title='bbox 498 2876 593 2939; x_wconf 73' lang='lat' dir='ltr'><strong>tamen</strong></span> <span class='ocrx_word' id='word_1_175' title='bbox 607 2897 717 2957; x_wconf 85' lang='lat' dir='ltr'><strong>pascas,</strong></span> <span class='ocrx_word' id='word_1_176' title='bbox 726 2899 784 2936; x_wconf 91' lang='lat' dir='ltr'><strong>non</strong></span> <span class='ocrx_word' id='word_1_177' title='bbox 799 2898 883 2936; x_wconf 90' lang='lat' dir='ltr'><strong>error</strong></span> <span class='ocrx_word' id='word_1_178' title='bbox 894 2880 932 2936; x_wconf 90' lang='lat' dir='ltr'><strong>il-</strong></span> 
     </span>
     <span class='ocr_line' id='line_1_27' title="bbox 172 2970 930 3049; baseline -0.003 -19"><span class='ocrx_word' id='word_1_179' title='bbox 172 2970 264 3030; x_wconf 88' lang='lat' dir='ltr'><strong>ludat.</strong></span> <span class='ocrx_word' id='word_1_180' title='bbox 276 2975 364 3044; x_wconf 84' lang='lat' dir='ltr'><strong>Ecce,</strong></span> <span class='ocrx_word' id='word_1_181' title='bbox 383 2971 506 3039; x_wconf 86' lang='lat' dir='ltr'><strong>Domine</strong></span> <span class='ocrx_word' id='word_1_182' title='bbox 528 2975 607 3028; x_wconf 88' lang='lat' dir='ltr'><strong>Deus</strong></span> <span class='ocrx_word' id='word_1_183' title='bbox 627 2990 721 3041; x_wconf 90' lang='lat' dir='ltr'><strong>meus,</strong></span> <span class='ocrx_word' id='word_1_184' title='bbox 735 2989 824 3049; x_wconf 88' lang='lat' dir='ltr'><strong>qnam</strong></span> <span class='ocrx_word' id='word_1_185' title='bbox 840 2972 930 3029; x_wconf 89' lang='lat' dir='ltr'><strong>multa</strong></span> 
     </span>
    </p>
   </div>
   <div class='ocr_carea' id='block_1_10' title="bbox 209 3127 893 3284">
    <p class='ocr_par' dir='ltr' id='par_1_10' title="bbox 209 3127 893 3284">
     <span class='ocr_line' id='line_1_28' title="bbox 209 3127 460 3199; baseline -0.004 -8"><span class='ocrx_word' id='word_1_186' title='bbox 209 3151 219 3176; x_wconf 90' lang='lat'><em>¹</em></span> <span class='ocrx_word' id='word_1_187' title='bbox 237 3139 301 3191; x_wconf 81' lang='lat' dir='ltr'><strong>Psal.</strong></span> <span class='ocrx_word' id='word_1_188' title='bbox 317 3153 399 3199; x_wconf 82' lang='lat' dir='ltr'><strong>cxnrr,</strong></span> <span class='ocrx_word' id='word_1_189' title='bbox 421 3127 460 3190; x_wconf 86' lang='grc'><strong>10.</strong></span> 
     </span>
     <span class='ocr_line' id='line_1_29' title="bbox 789 3236 893 3284; baseline 0.029 -3"><span class='ocrx_word' id='word_1_190' title='bbox 789 3236 821 3282; x_wconf 81' lang='grc'><strong>36</strong></span> <span class='ocrx_word' id='word_1_191' title='bbox 889 3276 893 3284; x_wconf 95' lang='grc'><em>,</em></span> 
     </span>
    </p>
   </div>
   <div class='ocr_carea' id='block_1_11' title="bbox 0 0 1182 4094">
    <p class='ocr_par' dir='ltr' id='par_1_11' title="bbox 0 0 1182 4094">
     <span class='ocr_line' id='line_1_30' title="bbox 0 0 1182 4094; baseline 0 0"><span class='ocrx_word' id='word_1_192' title='bbox 0 0 1182 4094; x_wconf 95' lang='lat' dir='ltr'><strong> </strong></span> 
     </span>
    </p>
   </div>
  </div>
 </body>
</html>
