2354 4034
312 429 567 482 commonuit
584 430 680 480 LIBER
700 432 769 480 xm.
873 431 923 480 47³

147 545 224 607 tua,
243 545 273 591 et
290 531 384 592 multa
396 551 500 590 eorum
518 529 620 589 dicunt
634 542 663 589 te
681 507 783 614 iecisse
794 530 925 590 necessi-

161 637 222 684 tate
247 623 446 702 compulsum,
474 621 550 681 sicut
577 620 705 680 fabricas
719 621 869 704 ⁴coelorum
894 635 924 682 et

158 715 386 794 compositiones
405 713 534 772 siderum
557 733 564 770 ε
586 723 616 770 et
636 711 698 770 haec
717 711 833 792 nonde
857 724 921 784 tuo,

159 804 213 863 sed
228 803 290 882 jam
310 805 397 864 fuisse
417 802 489 862 alibi
508 815 606 862 ereata
620 815 650 861 et
665 801 793 875 aliunde,
808 822 875 880 que
891 815 923 861 tn

158 895 348 955 contraheres
362 908 392 954 et
404 895 624 974 compaginares
640 906 728 972 atque
743 906 923 968 contexeres,

159 1005 227 1044 curn
245 985 282 1044 de
299 986 434 1046 hostibus
449 985 536 1045 victis
554 985 701 1050 mundana
715 986 819 1046 maenia
837 987 924 1062 moli-

160 1077 244 1149 reris,
265 1089 351 1136 ntea
371 1076 587 1138 constructione
604 1076 922 1150 devineti*‚,adversus

160 1180 188 1228 te
201 1169 308 1229 iterum
324 1168 468 1230 rebellare
483 1190 544 1230 non
559 1181 688 1249 possent.
704 1168 769 1228 Alia
782 1189 854 1229 vero
868 1190 922 1230 nec

159 1262 261 1322 fecisse
274 1275 312 1336 te,
323 1283 377 1322 nec
391 1265 511 1323 omnino
524 1262 715 1342 compegisse,
731 1261 807 1320 sicut
820 1253 922 1322 ornne's

158 1371 261 1414 carnes
284 1366 314 1411 et
339 1354 533 1414 minutissima
554 1372 679 1432 quaeque
702 1353 872 1426 animantia,
890 1367 922 1412 et

157 1442 303 1520 quidquid
318 1441 466 1502 radicibus
483 1456 591 1502 terram
606 1453 683 1500 tenet
697 1462 704 1497 :
719 1441 770 1500 sed
785 1441 921 1502 hostilem

159 1545 286 1592 mentem
300 1545 494 1608 naturamque
510 1533 605 1603 aliam,
623 1551 682 1590 non
702 1529 798 1590 abste
814 1533 920 1592 condi-

159 1635 227 1694 tam,
240 1621 353 1698 tibique
366 1623 552 1697 contrarierat,
566 1621 597 1679 in
611 1619 801 1680 inferioribus
819 1623 921 1692 mundi

159 1713 230 1784 locis
247 1712 302 1772 ista
316 1714 434 1791 gignere
451 1726 539 1790 atque
553 1713 690 1771 formare.
707 1713 805 1771 Insani
819 1713 922 1773 dicunt

158 1804 237 1876 haec,
252 1805 390 1886 quoniam
409 1824 468 1863 non
487 1824 541 1883 per
557 1804 699 1882 Spiritum
722 1817 804 1864 tuum
819 1805 921 1865 vident
985 1815 987 1821 '

157 1913 247 1973 opera
264 1907 330 1967 tua,
344 1914 398 1956 nec
412 1907 441 1953 te
459 1907 638 1972 cognoscunt
654 1896 684 1952 in
700 1896 751 1953 eis.

399 2043 533 2162 carun
554 2097 674 2162 xxxi.

261 2285 309 2338 Piis
329 2287 394 2339 idem
415 2285 534 2355 probatur
553 2288 617 2356 quod
637 2279 698 2344 Deo,
712 2269 809 2354 placuit.
892 2307 900 2332 .·

196 2458 241 2516 46.
269 2461 326 2534 Qui
351 2474 448 2519 autem
469 2481 523 2539 per
548 2462 687 2540 Spiritum
711 2475 795 2520 tuum
816 2459 919 2518 vident

155 2567 204 2620 ea,
231 2560 263 2606 tu
290 2548 372 2607 vides
396 2550 427 2606 in
451 2551 499 2608 eis.
527 2554 604 2628 Ergo
629 2569 695 2608 cum
721 2549 822 2607 vident
848 2551 918 2628 quia

155 2635 233 2696 bona
251 2650 333 2710 sunt,
352 2649 386 2696 tu
400 2637 484 2696 vides
504 2638 575 2714 quia
592 2637 670 2696 bona
690 2650 777 2696 sunt:
794 2648 823 2700 et
838 2654 919 2716 quar·

156 2746 281 2806 cumque
298 2740 420 2806 propter
439 2739 468 2784 te
481 2727 612 2805 placent,
626 2739 659 2785 tu
672 2728 702 2784 in
719 2729 763 2785 eis
779 2726 879 2804 places
889 2728 916 2798 *;

156 2829 185 2874 et
197 2837 262 2896 quae
275 2838 329 2896 per
343 2817 483 2896 Spiritum
502 2831 585 2876 tuum
603 2819 721 2896 placent
739 2816 843 2890 nobis,
862 2816 917 2876 tibi

155 2908 271 2984 placent
284 2909 314 2966 in
325 2905 419 2968 nobis.
439 2910 510 2982 Quis
527 2916 603 2966 enim
616 2915 669 2966 seit
686 2908 832 2966 hominum
849 2897 917 2986 qu'oe

153 3013 220 3058 sunt
235 3001 368 3071 bominis,
382 3005 439 3058 nisi
458 3007 575 3078 sptrittn
593 3002 716 3058 hominis
735 3008 832 3077 quiin
853 3010 915 3078 ipse

154 3094 215 3149 est?
232 3099 275 3148 ric
294 3105 322 3149 et
336 3112 403 3169 quoe
418 3097 474 3150 Dei
492 3093 560 3151 sunt
570 3113 652 3150 nemo
666 3098 728 3162 scit,
745 3093 802 3149 nisi
820 3095 915 3168 Spiri-

154 3196 198 3241 tus
210 3188 273 3258 Dei.
291 3185 350 3241 Nos
367 3197 474 3260 autem,
491 3183 597 3264 inquit,
612 3204 668 3242 non
685 3190 814 3259 spiritum
832 3183 915 3254 liujus

773 3289 807 3336 40
