2316 4020
266 477 299 525 84
448 475 471 524 S.
491 473 672 524 attonsum
688 473 832 526 nursoort

264 576 380 656 quando
397 595 453 653 pro
468 578 562 654 capite
578 577 719 635 nocentis.
734 581 787 648 Et,
805 581 899 645 Deus,
918 571 1020 634 vidisti

264 667 639 744 delonginquolapsantenr
651 664 821 736 inlubrico,
839 677 868 722 et
882 664 912 722 in
926 667 1019 724 multo

263 758 343 815 furno
355 757 556 814 scintillantem
569 755 655 814 fidem
668 764 882 832 mnam‚1quarn
895 753 1020 812 exhibe-

262 846 330 904 bam
344 847 375 904 in
395 847 446 904 itto
462 847 627 924 magisterio
642 843 832 924 diligentibus·
847 843 1018 915 vanitatem,

262 949 293 995 et
310 936 724 1014 quaerentibus-mendacium,
741 936 837 994 socius
854 955 965 993 eorum.
983 940 1017 993 ln

261 1027 417 1085 illis'annis
433 1044 520 1085 uuam
531 1025 694 1098 habebam,
707 1045 765 1084 non
780 1045 815 1083 eo
829 1026 910 1102 quod
921 1025 1018 1104 legitt-

262 1133 342 1175 mum*
357 1129 495 1189 vocatur,
514 1115 651 1194 conjugio
677 1116 839 1194 cognitam,
857 1115 908 1174 sed
929 1135 1018 1191 quam

260 1207 450 1286 indagaverat
461 1227 551 1286 vagus
564 1206 671 1278 ardor,
683 1205 770 1283 inops
775 1203 951 1282 prud'entiae3
966 1205 1018 1262 sad

261 1307 471 1371 unamtttnen,
482 1299 509 1356 ei
525 1306 643 1375 quoqutr
661 1315 778 1354 servans
793 1295 850 1354 tori
861 1295 947 1352 fidem
964 1315 970 1349 :
986 1295 1016 1352 in

260 1405 319 1464 qua
333 1404 400 1447 sana
412 1390 562 1466 experirer
573 1389 706 1465 exemplo
721 1397 799 1458 meo,
811 1387 883 1463 quid
897 1385 1017 1444 distaret

260 1477 337 1535 inter
360 1477 518 1556 conjugatis
538 1477 643 1556 placiti
658 1476 778 1535 modum
795 1475 875 1552 quod
891 1474 1017 1534 foedara-

261 1579 326 1626 tum*
342 1582 419 1628 assat
434 1568 591 1647 generandi
608 1565 715 1646 gratia„
732 1579 762 1625 et
778 1579 897 1644 pactum
913 1564 1015 1624 libicliu

259 1661 324 1718 ansi
342 1662 472 1732 atn'oris‚·
485 1661 542 1718 ubi?
564 1656 661 1737 proies
680 1658 767 1716 etiam
790 1671 892 1715 contra
914 1669 1015 1714 votum

212 1791 217 1798 .
259 1749 401 1824 nascimr,
417 1749 549 1827 quamvis
558 1748 699 1825 jammam
705 1760 790 1824 cogat
805 1767 836 1805 se
850 1747 939 1824 diligt

300 1841 328 1897 3.
340 1840 563 1910 Rooolootiant,
575 1856 646 1896 cum=
654 1833 730 1896 mitat
737 1837 870 1894 theatrici
880 1836 1015 1896 carminis

260 1933 406 1988 certamen
425 1929 499 1988 inire
518 1930 686 2006 placuisset,
707 1927 863 1986 mandasse'
879 1926 950 1984 mihi
965 1946 1015 1984 ue·

259 2018 323 2076 soio
337 2036 430 2094 quarm
447 2011 610 2093 arnsbioem
622 2059 636 2089 ,.
646 2015 718 2093 quid
737 2016 768 2074 ei
786 2015 858 2073 dura
872 2015 1014 2074 mercedis

259 2107 362 2166 verton
373 2119 413 2164 ut-
421 2107 567 2163 vincerem
574 2127 582 2175 ;
594 2123 641 2162 mo
654 2118 751 2162 antam
766 2105 843 2162 foeda
855 2103 906 2162 illa
917 2123 1015 2164 sacra·-

212 2267 215 2271 .
258 2208 356 2254 menta
372 2195 543 2258 detestatum
562 2208 597 2253 ot·
605 2195 807 2254 abominatum
817 2195 1013 2272 respondisse,

259 2303 313 2340 nee
337 2282 362 2340 si
385 2303 493 2342 corona
516 2285 567 2342 illa
588 2277 663 2343 esset
682 2285 886 2342 immortaliter
911 2305 1012 2358 aurea,

258 2391 387 2429 muscam
410 2392 466 2449 pro
489 2373 617 2432 victoria
630 2384 699 2431 mea*
715 2373 813 2431 necari
837 2393 884 2431 me
907 2374 1010 2432 sinere,

257 2464 419 2520 Necaturus
433 2462 509 2520 anim
524 2477 586 2521 erat
599 2465 650 2522 illa
664 2465 695 2520 in
708 2463 857 2522 sacrifieiis
871 2463 930 2521 suis
946 2466 1012 2522 ani-

257 2551 378 2624 mantia,
388 2566 417 2610 ot
429 2552 486 2611 illis
497 2552 658 2612 honoribus
672 2553 849 2612 invitaturus
864 2552 935 2610 mihi
951 2555 1013 2611 suf-

255 2641 403 2719 fragatura
418 2643 559 2702 daemonia
572 2643 736 2701 videbatur.
753 2642 809 2701 Sed
821 2641 878 2700 hoo
895 2662 1012 2719 quoqne

256 2732 370 2791 maium¹
382 2755 444 2792 nou
460 2753 499 2793 en
517 2747 566 2796 tua
583 2735 736 2794 castitate*
753 2731 924 2811 repudiati,-
932 2738 1012 2794 Deus

257 2823 356 2900 cordis
370 2827 436 2883 mei.
458 2826 523 2884 Non
539 2829 616 2884 enim
636 2842 733 2884 amare
747 2822 946 2896 tonnitorum,
960 2826 1012 2900 qui

255 2911 311 2969 nisi
325 2913 457 2991 fulgores
467 2932 622 2994 corporeos
642 2915 766 2993 cogitare
783 2933 847 2972 non·
861 2925 1010 2971 noveram

255 2999 372 3060 Talibus
384 3005 460 3062 enim
476 3006 619 3084 figmentis
630 3006 776 3083 suspirans
790 3007 902 3074 anima,
915 3018 1012 3062 nonno

255 3091 416 3149 fornicatur
438 3092 489 3150 abs
510 3105 554 3166 te,
578 3103 610 3152 et
627 3095 691 3152 fidit
709 3094 739 3152 in
759 3095 850 3166 falsis,
868 3105 898 3152 et
917 3094 1012 3170 pascit

255 3184 377 3242 ventos?
386 3183 445 3243 'Sed
460 3183 599 3244 videlicet
608 3185 763 3244 sacrificari
777 3193 832 3262 pro
844 3202 891 3244 me
902 3186 1010 3243 nollem
