2356 4018
259 427 309 477 ²02
439 426 464 476 8.
483 423 665 482 ΑῦῦΠὸΤΙΝῙ
682 423 826 478 EPISCODI

259 521 378 604 lenitatis
396 523 499 582 arurnae
513 536 542 580 et
560 519 672 608 ruentis.
692 528 763 598 Qum
785 524 808 580 si
826 522 897 584 falsa
912 524 950 583 de
967 525 1021 584 illo

259 615 368 692 scripta
402 628 512 686 esseut,
537 615 626 672 etiarn
657 616 755 673 omnia
783 614 1016 693 periclitarentur

259 704 425 777 mendacio,
439 724 534 783 neque
546 706 576 762 in
589 705 645 762 illis
658 705 772 763 Litteris
785 706 844 763 nlla
858 706 926 764 fidei
938 709 1018 766 salus

259 797 357 872 generi
378 796 505 854 humano
527 793 699 853 remaneret.
727 796 802 869 Quia
823 796 922 873 itaque
944 817 1015 856 vera

259 888 367 965 scripta
383 898 463 957 sunt,
482 897 575 960 totum
591 886 739 958 hominem
756 886 787 942 in
799 885 914 960 Christo
926 907 1018 965 agno*

259 978 391 1050 scebam3
401 996 460 1035 non
473 997 579 1056 corpus
594 991 705 1035 tantum
720 973 864 1050 hominis,
881 990 930 1035 aut
949 999 1016 1038 curn

260 1087 385 1147 corpore
398 1067 458 1126 sine
472 1080 568 1126 mente
579 1067 734 1139 animum*,
747 1066 798 1126 sed
812 1067 907 1149 ipsum
921 1067 1018 1126 homi-

260 1178 326 1216 nem
337 1179 344 1214 ι
358 1177 417 1216 non
425 1176 549 1236 persona
557 1157 701 1229 Veritatis,
712 1156 763 1216 sed
774 1176 878 1234 magna
889 1156 1016 1234 quadam

261 1263 370 1308 naturae
382 1246 515 1306 humanae
527 1247 710 1320 excellentia,
725 1260 753 1307 et
764 1248 938 1326 perfectiore
949 1268 1018 1327 par-

261 1337 428 1415 ticipatione
448 1337 595 1416 sapientiae
615 1338 747 1416 praeferri
764 1337 874 1396 caeteris
894 1338 1017 1398 arbitra-

261 1427 325 1486 bar.
340 1429 462 1507 Alypius
481 1440 577 1492 autern
597 1433 691 1486 Deum
716 1449 802 1487 earne
822 1428 956 1488 indutum
975 1430 1019 1490 ite·

262 1516 386 1596 putabat
399 1517 481 1577 credi
497 1537 514 1576 e
529 1517 698 1591 Catholicis,
710 1532 744 1577 ut
757 1532 863 1604 praeter
878 1525 972 1580 Deum
988 1535 1020 1580 et

262 1627 388 1679 carnem,
397 1627 456 1669 non
467 1617 540 1665 esset
549 1605 579 1664 in
589 1608 703 1665 Christo
713 1608 1018 1686 anima3'mentemque

263 1695 401 1768 hominis·
412 1718 470 1755 non
490 1691 673 1755 eiistirnabat
695 1697 726 1754 in
747 1717 781 1756 eo
799 1697 961 1775 praedicari.
979 1697 1016 1755 Et

262 1790 400 1866 quoniam
417 1787 491 1847 bene
510 1807 682 1868 persuasum
698 1786 828 1858 tenebat,
846 1807 881 1846 ea
900 1807 964 1864 quae
981 1787 1018 1846 de
1083 1809 1085 1812 ·
1161 1808 1169 1862 p

263 1878 316 1936 illo
328 1877 475 1935 memoriae
495 1868 630 1934 man'data
648 1887 730 1947 sunt,
747 1875 808 1932 sine
826 1877 909 1934 vitali
928 1888 1019 1933 etra-

265 1969 364 2026 tionali
376 1980 509 2025 creatura
520 1986 577 2023 non
589 1967 667 2039 lieri,
680 1966 718 2023 ad
730 1966 822 2044 ipsam
833 1955 1030 2024 christianam

263 2056 351 2114 fidem
363 2054 473 2133 pigrius
489 2054 670 2113 movebatur.
685 2052 741 2112 Sed
753 2067 854 2131 postea
867 2054 1020 2119 haeretico-

265 2165 330 2201 rum
347 2141 616 2220 Apollinei-istarum
634 2143 713 2201 huno
732 2163 861 2201 errorem
883 2163 944 2201 esse
964 2155 1020 2200 'co'-

265 2253 419 2311 gnoscens,
432 2233 580 2293 catholicae
593 2234 661 2296 fidei
673 2231 834 2292 collaetat'ns
848 2247 877 2292 ct
893 2247 1020 2292 contem-

266 2335 383 2402 peratus
409 2336 459 2380 est.
484 2327 545 2402 Ego
574 2337 670 2382 autem
698 2324 846 2400 aliquanto
875 2323 1021 2400 posterius

266 2411 402 2472 didicisse
420 2433 467 2474 me
483 2416 588 2487 fateor,
606 2415 637 2472 in
658 2434 693 2472 eo
710 2413 789 2491 quod
803 2413 932 2471 Verbum
954 2433 1023 2470 caro

268 2503 377 2559 lactum
395 2515 451 2576 est,
469 2504 617 2582 quomodo
631 2503 895 2562 catholica·veritas
913 2501 1036 2582 aPhoj

269 2593 321 2650 tini
333 2593 455 2653 falsitate
467 2595 626 2653 dirimatur.
643 2591 827 2673 Improbatio·
840 2593 949 2671 quippe
963 2592 1026 2648 hae-

268 2682 427 2741 reticorum
445 2684 514 2743 facit
528 2685 653 2743 eminere
673 2682 744 2760 quid
759 2683 886 2740 Ecclesia
902 2694 950 2738 tua
963 2695 1026 2738 sen-

270 2774 336 2844 tiat,
363 2787 391 2832 et
414 2773 484 2852 quid
506 2774 613 2832 habeat
634 2794 703 2852 sana
723 2773 862 2832 doctriua.
889 2771 1025 2851 Oportuit

269 2861 347 2920 enim
375 2876 404 2921 et
431 2864 554 2922 haereses
580 2884 656 2938 esse,
682 2875 715 2922 ut
739 2862 857 2942 probati
882 2861 1026 2920 manifesti

272 2953 375 3012 fierent
389 2955 463 3012 inter
475 2955 605 3037 infirmos
621 2965 638 3010 ¹.

311 3142 462 3201 ¹100rtn,
479 3144 518 3192 19.
