2352 4094
311 359 562 411 CONFESSIONUM
579 358 674 411 tisun
691 357 749 411 ΧΗ.
858 359 908 415 403

151 462 260 522 editam
286 472 414 518 sanctam
436 460 616 537 scripturam
639 455 734 534 tuam,
761 474 792 520 et
811 474 908 525 tamen

151 551 236 612 nobis
262 549 374 629 aliquid
395 549 614 624 contradicunt,
638 552 680 611 ita
705 554 838 631 loquor:
863 560 908 613 Tu

152 657 230 716 esto,
253 647 333 701 Deus
355 639 596 716 noster,arbiter
612 643 689 704 inter
710 645 906 705 confessiones

152 737 231 792 meas
251 745 281 790 et
298 718 541 792 contradictiones
560 749 673 792 eorum
863 734 865 738 ’

399 900 534 962 CAPUT
554 899 659 966 xvtl.

144 1065 187 1114 -ut
196 1063 250 1116 coeli
258 1071 283 1114 et
292 1051 511 1118 unoebomnihus
519 1064 584 1115 aliud
593 1064 694 1116 et'aliud
708 1065 809 1131 intelligi
822 1031 908 1134 puteat.

180 1205 245 1270 '2-t.
264 1213 372 1270 Dicunt
386 1211 462 1272 enim
484 1231 490 1268 ε
511 1213 649 1288 Quamvis
668 1232 737 1271 vera
754 1215 811 1271 sint
830 1215 907 1288 haec,

153 1323 212 1361 non
236 1321 270 1362 ea
296 1316 392 1362 tamen
417 1302 476 1361 duo
497 1305 611 1380 Moyses
633 1301 817 1377 intuebatur,
841 1328 908 1365 cum

154 1393 258 1471 spiritu
279 1392 426 1451 revelante
448 1391 558 1450 diceret
583 1414 590 1448 ε
614 1396 650 1449 In
674 1399 819 1470 principio
837 1396 913 1470 ⁸facit

154 1488 231 1542 Deus
245 1487 346 1541 coelum
361 1496 390 1547 et
402 1496 511 1538 terram·
524 1493 543 1535 ¹.
560 1486 624 1539 Non
639 1483 702 1540 ooeli
721 1485 839 1542 nomine
853 1488 910 1564 spi-

155 1575 290 1633 ritualem
313 1574 361 1631 vel
381 1572 606 1630 intellectualem
627 1572 707 1631 illam
730 1580 909 1648 creaturam,

155 1683 270 1742 semper
283 1663 387 1722 faciem
399 1661 454 1720 Dei
462 1659 713 1740 'contemplantem
724 1663 912 1741 significavit3

155 1775 209 1814 nec
228 1768 314 1813 terrae
333 1753 450 1812 nomine
473 1753 628 1812 informem
649 1753 809 1811 materiam.
834 1755 911 1832 Quid

156 1848 265 1925 igitur?
282 1845 369 1921 Quod
386 1864 439 1903 nos
461 1844 597 1916 dicimus,
617 1844 767 1922 inquiunt,
783 1845 839 1904 hoc
862 1847 912 1905 ille

156 1939 202 1996 vir
221 1936 321 2014 sensit,
339 1935 396 1993 hoc
415 1925 515 1994 uerbis
537 1927 597 1991 istis
617 1935 749 1993 elocutus
765 1949 815 1994 est.
835 1937 911 2012 Quid

157 2039 201 2086 eet
213 2025 306 2084 illudl
318 2026 460 2095 Nomine,
475 2025 570 2098 aiunt,
582 2024 647 2082 coeli
663 2036 693 2081 et
705 2035 802 2097 terrae,
819 2037 912 2086 totum

157 2119 245 2178 istum
259 2117 402 2176 visibilem
418 2115 560 2174 mundum
574 2115 657 2193 prius
671 2116 874 2176 universaliter
885 2129 915 2175 et

157 2195 463 2284 breviter‘signilicare
477 2203 583 2274 voluit,
598 2215 632 2261 ut
652 2215 753 2284 postea
769 2203 914 2286 digereret

154 2295 273 2356 'dierum
288 2295 518 2366 enumeratione,
534 2294 617 2372 quasi
636 2294 825 2369 articulatim,
845 2299 912 2378 unis
984 2323 986 2330 r

158 2405 243 2446 versa
253 2405 319 2465 quae
330 2398 429 2446 sancto
441 2384 561 2464 Spiritui
573 2385 684 2463 placuit
698 2387 739 2443 sic
751 2387 912 2446 enrmtiare.

159 2479 241 2535 Tales
266 2476 375 2554 quippe
392 2470 525 2544 homines
549 2488 631 2534 erant
655 2475 736 2533 rudis
759 2477 809 2534 ille
828 2490 915 2554 atque

160 2563 282 2623 carnalis
298 2563 424 2641 populus
446 2564 493 2620 cui
507 2563 696 2640 loquebatur,
715 2574 749 2620 ut
768 2566 810 2621 eis
825 2585 916 2641 opera

161 2654 218 2712 Dei
229 2641 288 2711 ndn
298 2653 354 2711 nisi
363 2652 424 2712 sola
432 2651 557 2710 visibilia
567 2652 797 2711 commendanda
805 2651 917 2730 judica·

163 2758 216 2803 ret.
227 2737 344 2803 Terram
357 2762 429 2801 vero
441 2740 617 2801 invisibilem
635 2753 665 2800 et
677 2743 916 2822 incompositam,

164 2831 405 2914 tenebrosamque
430 2831 581 2908 abyssum,
605 2830 684 2890 unde
707 2848 917 2910 consequenter

164 2923 327 2984 ostenditur
343 2943 397 3004 per
415 2923 481 2981 illos
496 2921 558 2980 dies
576 2922 652 2981 facta
670 2935 758 3000 atque
777 2922 916 3002 disposita

203 3095 368 3154 ¹Gen.r,t.
