2316 4020
275 509 528 560 conrnssmuum
545 511 641 558 nmen
658 511 702 558 ιν.
789 479 793 491 ’
819 514 866 560 107

98 609 228 681 veritas,
240 609 271 685 in
283 608 622 670 interioremmelodiam
636 621 730 680 tuam,
740 608 868 687 cogitans

100 699 137 756 dc
150 701 283 777 pulchro
300 713 330 758 et
346 713 431 777 apto,
445 712 476 758 et
493 712 569 758 sture
583 690 750 777 cupiens'et
765 700 867 760 audire

100 802 141 862 te,
148 803 182 848 et
193 789 302 868 gaudio
312 789 439 866 gaudere
449 801 572 867 propter
582 795 683 858 vocem
693 789 809 867 sponsi¹
820 833 828 861 ,
839 803 869 848 et

101 899 163 936 non
178 891 334 956 poteram:
349 878 419 955 quia
430 878 554 938 vocibus
572 880 680 938 erroris
695 879 753 952 mei
769 879 866 956 rapie-

103 968 160 1026 bar
180 971 277 1040 foras,
293 982 327 1034 et,
344 970 475 1046 pondere
497 971 641 1048 superbiae
656 977 734 1030 'mese
755 970 787 1028 in
809 971 868 1028 ima

106 1058 290 1118 decidebam.
305 1065 370 1118 Non
389 1059 466 1118 enim
482 1059 573 1120 dabas
588 1061 700 1121 auditui
716 1081 781 1130 meo
795 1081 870 1139 gau—

106 1148 190 1209 dium
211 1161 243 1206 et
261 1149 403 1220 lotitiam,
427 1161 477 1210 aut
498 1151 681 1223 ersultabant
702 1171 767 1212 ossa
788 1171 866 1224 mea,

107 1259 174 1314 quae
188 1239 342 1300 humiliate
354 1259 413 1298 non
426 1253 508 1298 erant
523 1250 543 1297 ².

364 1415 498 1476 meur
519 1417 610 1482 xvi.
667 1381 692 1475 .’

108 1569 250 1636 eategorias
261 1568 395 1621 Aristotelis
412 1581 436 1621 et
446 1572 582 1622 liberalium
597 1572 686 1624 artium
699 1573 773 1625 libros
788 1589 832 1642 per
843 1592 869 1625 sc

426 1651 551 1702 intellexit.

152 1804 202 1864 28.
218 1809 255 1864 Et
267 1803 339 1883 quid
353 1804 424 1866 mihi
436 1808 576 1886 proderat
589 1805 669 1884 quod
683 1823 773 1866 annos
788 1821 871 1866 natus

113 1897 206 1954 ferme
226 1897 343 1974 viginti,
362 1917 428 1954 cum
450 1899 483 1955 inv
503 1916 605 1955 manus
627 1913 705 1954 meas
727 1893 872 1954 venissent

112 1984 298 2043 Aristoteliea
324 1985 475 2062 quiedam,
498 2006 570 2062 quas
596 1985 744 2062 appellant
770 1984 871 2042 decem

112 2073 295 2150 Cetegorias3
315 2093 438 2150 quarum
458 2074 591 2144 nomine,
616 2092 683 2132 cum
701 2092 750 2132 eas
771 2073 872 2156 rhetor

113 2161 345 2239 Carthaginensis
357 2161 493 2240 magister
503 2183 583 2222 meus
594 2163 694 2226 buccis
708 2163 800 2240 typho
812 2182 873 2222 cre-

113 2250 253 2328 pantibus
269 2264 523 2324 commemoraret,
535 2264 565 2310 et
582 2253 632 2311 alii
648 2253 698 2330 qui
717 2252 796 2311 docti
819 2252 873 2310 ha-

115 2339 277 2414 bebantur,
292 2353 428 2420 tanquam
441 2343 472 2400 in
489 2342 586 2400 nescio
608 2342 683 2419 quid·
693 2359 828 2421 magnum
843 2355 873 2400 et

116 2429 248 2488 divinum
262 2429 665 2508 suspensusinhicbam31egi
679 2448 727 2490 eas
743 2433 822 2489 solus
843 2442 873 2488 et

114 2520 263 2578 intellexi?
273 2525 351 2594 Quas
364 2541 430 2580 cum
447 2521 630 2581 contulissem
643 2542 709 2580 cum
723 2522 764 2580 eis
778 2515 871 2597 quise

116 2608 254 2668 dicebant
267 2610 316 2668 vix
337 2630 401 2681 eas,
418 2607 562 2688 magistris
581 2610 800 2681 eruditissimis,
813 2628 873 2666 non

116 2697 304 2776 loquentibus
325 2712 449 2772 tantum,
465 2699 516 2758 sed
529 2701 621 2757 multa
640 2701 670 2755 in
682 2700 805 2776 pulvere
818 2697 872 2754 de-

116 2781 316 2866 pingentibum
328 2788 515 2860 intellexisse3
528 2779 686 2856 nibilindc
702 2785 782 2845 aliud
803 2783 875 2846 mihi

118 2877 215 2936 dicere
229 2891 402 2955 potuerunt,
425 2899 513 2956 quam
536 2882 590 2955 eg'o
612 2878 690 2935 solus
709 2876 787 2956 apud
808 2896 873 2936 me-

117 2968 213 3045 ipsum
226 2969 324 3046 legens
337 2983 541 3044 cognoveram.
555 2972 593 3028 Et
606 2968 675 3026 satis
688 2982 788 3047 aperte
801 2967 873 3026 mihi

118 3057 294 3116 videbantur
309 3059 461 3136 loquentes
482 3058 518 3116 de
537 3057 719 3132 substantiis,
734 3058 819 3119 sicuti
831 3069 874 3116 est

154 3229 400 3288 ¹J0an.111‚29.-
413 3234 424 3260 ²
439 3225 501 3278 esu.
514 3243 536 3288 n,
549 3230 589 3277 10.
685 3258 689 3266 ·
