2316 4020
252 359 299 406 tta
433 355 813 406 s.auousrtrt1mtscor1
866 421 869 425 ¹

247 477 329 516 amor
344 455 417 527 vini,
431 457 507 515 deut
524 456 680 534 pleresque
703 475 797 516 mares
817 472 846 516 et
868 462 1004 537 feminas,

246 547 297 624 qui
311 546 348 605 ad
360 547 505 606 cauticum
518 544 697 617 sobrietatis,
712 547 788 606 sieut
802 547 838 606 ad
854 552 1005 626 potionem

246 649 379 714 aquatam
394 634 504 695 madidi
518 647 668 692 nauseant.
679 635 736 695 Sed
750 637 799 695 illa
811 656 879 697 cum
889 644 1005 702 attulis-

246 740 289 785 set
309 726 468 784 canistrum
488 745 554 784 cum
573 724 753 784 solemnibus
773 729 867 804 epulis
885 749 1005 810 praegu-

244 817 448 894 standisatque
460 815 625 893 largiendis,
634 815 701 893 plus
714 817 802 875 etiam
811 837 899 896 quam
910 841 1003 881 unum

244 907 385 984 pocillum
393 907 407 933 *
419 925 474 983 pno
489 925 543 964 suo
556 905 655 981 palato
668 906 736 964 satis
749 906 849 966 sobrio
861 922 1004 988 tempera-

246 1011 322 1070 tam,
333 999 411 1056 unde
422 997 616 1075 dignationem
633 1011 775 1068 sumeret,
789 1019 848 1058 uon
862 1003 1001 1079 ponebat

245 1094 282 1146 Et
298 1087 322 1147 si
335 1088 433 1146 multae
451 1099 558 1158 essent,
572 1088 702 1164 quasillo
720 1089 809 1148 modo
826 1091 1002 1152 videbantur

246 1177 432 1249 honorande,
440 1177 587 1234 memoriae
594 1177 895 1251 defunctorum3idem
903 1183 1000 1259 ipsum

245 1288 350 1339 unum,
370 1265 450 1343 quod
475 1265 585 1344 ubique
604 1281 742 1343 poneret,
761 1269 1001 1341 circumferebat3

244 1378 303 1434 quo
311 1357 372 1433 jam
387 1375 446 1414 nou
460 1357 554 1414 solum
572 1357 774 1432 aquatissimo,
787 1358 838 1416 sed
853 1359 937 1418 etiam
955 1373 1002 1418 te-

245 1445 412 1523 pidissimo*
427 1465 495 1504 oum
511 1445 570 1503 suis
589 1445 779 1522 praesentibus
793 1465 847 1524 per
866 1447 1002 1506 sorbitio-

244 1556 295 1594 nes
307 1536 426 1612 exignas
439 1536 600 1612 partiretur
615 1556 623 1591 ι
637 1535 707 1612 quia
719 1535 857 1612 pietatem
868 1536 910 1594 ibi
923 1557 1000 1614 quae-

245 1627 341 1697 rebat,
355 1642 414 1683 non
428 1626 621 1702 voluptatem.
639 1629 743 1702 ltaque
755 1625 807 1684 ubi
824 1628 967 1704 comperit
982 1648 1000 1686 a

243 1718 383 1794 praeclaro
407 1715 599 1794 praedicatore
619 1727 706 1792 atque
734 1715 861 1774 annuite
884 1717 1000 1793 pietatis

244 1817 422 1882 praeceptum
443 1823 505 1862 esse
521 1806 575 1862 ista
594 1823 653 1862 non
672 1803 749 1876 lieri,
762 1822 817 1862 nee
833 1802 871 1864 ab
892 1805 1000 1883 eisqui

244 1893 342 1954 sobrie
354 1895 496 1965 iacerent,
512 1911 549 1952 ne
562 1892 622 1950 ulla
636 1893 750 1951 oneasio
758 1911 791 1950 se
803 1893 999 1971 ingurgitandi

245 1986 363 2044 daretur
381 1982 517 2054 ebriosis,
532 1982 653 2058 et'quia
669 1982 719 2043 illa
737 1983 820 2060 quasi
839 1983 1000 2061 ponnus

243 2073 441 2153 superstitioni
457 2070 607 2150 gentilium
627 2085 722 2132 essem
734 2073 879 2132 simillima
884 2097 893 2144 ;
906 2074 999 2134 absti-

243 2165 308 2222 nuit
321 2183 353 2222 se
365 2159 553 2220 libentissime
566 2172 618 2218 :et
629 2177 685 2238 pro
693 2161 824 2220 canistro
837 2163 925 2240 pleno
938 2177 998 2222 tes-

243 2253 321 2312 renis
345 2249 506 2322 tmonbus,
530 2252 650 2328 plenum
673 2252 891 2331 purgatioribus
923 2256 999 2314 votis

242 2354 346 2420 peetus
361 2339 398 2398 ad
410 2341 566 2399 mernorias
582 2352 744 2417 martyr-am
759 2342 866 2400 afferre
886 2343 1000 2402 didice-

244 2443 303 2500 rat;
317 2441 349 2488 ut
365 2442 395 2488 et
414 2429 494 2506 quod
511 2443 608 2506 posset
627 2429 710 2488 daret
731 2430 896 2508 egentibus,
911 2445 941 2489 et
956 2434 998 2491 sic

242 2519 466 2578 communicatio
484 2520 628 2577 Dominioi
642 2520 773 2597 corporis
791 2521 852 2579 illie
865 2521 1000 2580 celebra-

242 2621 336 2681 retur,
350 2609 433 2687 cujus
454 2601 594 2686 passionis
615 2609 776 2668 imitatione
801 2610 943 2669 immolati
969 2624 999 2670 et

244 2698 374 2756 coronati
402 2709 468 2756 sunt
492 2709 643 2774 martyres.
671 2697 728 2756 Sed
760 2711 856 2758 tamen
880 2699 998 2758 videtur

243 2787 329 2860 mihi,
340 2788 465 2847 Domine
476 2792 556 2845 Deus
567 2806 662 2858 meus,
677 2787 761 2847 etita
775 2801 818 2847 est
832 2787 863 2846 in
877 2807 999 2867 conspe-

242 2890 292 2936 ctu
305 2891 356 2938 tuo
374 2877 482 2936 dehac
500 2896 533 2936 re
549 2896 728 2950 cormeum,
749 2898 809 2937 non
831 2878 915 2936 facile
935 2878 998 2936 ior-

242 2965 317 3028 tasse
332 2969 369 3028 de
384 2967 440 3028 hac
449 2965 629 3046 amputanda
648 2968 858 3028 consuetudine
871 2981 995 3040 matrem

240 3077 334 3118 meam
346 3057 432 3118 fuisse
445 3077 604 3131 oessuram,
615 3058 639 3118 si
652 3057 691 3118 ab
706 3058 764 3122 allo
777 3058 995 3139 prohibentur,
