2316 4020
295 438 546 499 confessionum
563 445 657 498 tmen
675 451 707 496 v.
830 457 875 504 ιιι

101 617 878 646 qmmwmqummumffltmmmmmmmm

290 778 435 856 mom
468 767 705 878 odimus,

138 965 254 1012 Annum
269 963 433 1014 aetstissuae
453 964 561 1014 exhibet
580 965 735 1030 vigesimum
757 981 875 1034 nonum,

107 1047 165 1096 quo
182 1036 299 1099 scilieet,
316 1045 451 1100 comperte
466 1039 556 1088 Fausti
571 1039 709 1088 manichaei
728 1039 874 1104 imperitia,

107 1107 284 1170 propositum
303 1107 332 1156 in
352 1109 397 1158 ille
420 1116 491 1172 secta
515 1109 669 1172 proficiendi
690 1110 801 1173 abjecit;
820 1127 875 1175 quo

109 1177 193 1228 ettam
219 1181 316 1242 Rome,
341 1180 389 1229 ubi
413 1187 479 1230 tune
503 1180 663 1230 rhetoricam
685 1183 874 1248 profitebatur,

110 1245 210 1298 missus
221 1249 398 1298 Mediolanum
407 1257 438 1299 ut
447 1250 564 1300 eamdem
574 1257 658 1300 artem
667 1250 782 1314 doceret,
793 1255 873 1316 coepit

110 1317 206 1368 audito
218 1319 356 1370 Ambrosio
371 1320 532 1383 resipiscere,
544 1320 615 1370 etde
626 1321 819 1372 Manichaeismo
830 1324 874 1373 ab·

110 1385 229 1439 dicando
247 1404 354 1458 necnon
372 1391 405 1443 de
420 1393 566 1463 .repetendo
583 1393 806 1447 eetmhummttu
826 1395 873 1445 de-

110 1471 231 1511 cunei-e.

430 1573 562 1596 -neon-

168 1679 171 1684 '
201 1793 202 1796 ¹
258 1683 265 1696 ·
313 1697 453 1759 oliuu
472 1697 660 1760 PRIMUM.

222 1853 320 1903 Excitet
336 1863 444 1911 mentem
459 1857 490 1906 ad
509 1861 589 1907 Deum
609 1853 765 1906 laudandum.

155 2009 180 2064 1.
197 2008 309 2085 Accipe
318 2009 496 2069 sacrificium
515 2009 729 2068 confessionum
741 2027 870 2068 meatum

113 2099 149 2156 de
160 2118 251 2157 manu
267 2097 373 2176 linguae
392 2119 479 2172 mee,
496 2119 584 2177 quam
599 2099 729 2158 formasti
746 2110 776 2156 et
791 2100 872 2158 exei-

114 2189 197 2261 tasti,
212 2201 246 2246 ut
260 2189 433 2247 confiteatur
446 2189 557 2248 nomini
571 2202 638 2260 tuo;
654 2201 684 2246 et
694 2207 764 2246 sane
773 2188 876 2248 onmia¹

115 2299 177 2338 ossa
186 2297 263 2350 mea,
271 2291 302 2336 et
314 2278 428 2337 dieunt:
438 2279 576 2351 Domine,
590 2279 655 2356 quis
671 2277 770 2338 similis
781 2277 871 2337 tibio

114 2373 216 2446 Neque
230 2368 308 2426 euim
323 2369 410 2427 docet
425 2382 453 2427 te
465 2369 536 2445 quid
547 2369 578 2425 in
592 2388 622 2428 se
636 2381 739 2446 agatur
753 2369 804 2444 qui
815 2367 870 2426 tibi

116 2457 283 2527 confitetur}
297 2457 365 2534 quia
375 2457 492 2515 oculum
502 2469 589 2514 tuum
601 2476 660 2536 non
674 2455 804 2515 excludit
819 2475 871 2514 eor

116 2549 262 2618 clausum,
276 2567 331 2605 nec
342 2566 460 2605 manum
471 2559 550 2605 tuum
562 2545 677 2624 repellit
689 2544 797 2604 duritia
812 2545 870 2603 ho-

116 2639 226 2696 minum
243 2657 250 2693 :
264 2635 316 2694 sed
330 2637 418 2695 solvis
431 2656 509 2708 eam,
524 2655 590 2694 cum
603 2637 687 2694 uoles
695 2676 704 2707 ,
720 2644 770 2692 aut
781 2635 869 2693 mise-

116 2747 180 2786 rans
194 2738 246 2785 aut
260 2726 408 2785 vindicans
416 2748 427 2798 3
435 2738 464 2783 et
477 2745 536 2784 non
551 2737 595 2782 est
607 2724 658 2800 qui
670 2742 700 2782 se
712 2721 871 2802 abscondet

118 2838 134 2876 a
147 2817 244 2876 calore
256 2829 316 2875 tuo.
332 2817 388 2876 Sed
401 2829 429 2874 te
440 2816 539 2874 laudet
550 2815 647 2874 enimn
657 2833 736 2886 mea,
746 2824 779 2871 ut
788 2829 870 2880 ,amet

118 2921 162 2981 te3
175 2921 204 2967 et
217 2908 390 2967 confiteatur
400 2906 453 2966 tibi
467 2907 665 2965 miserationes
674 2917 752 2986 tues,
760 2915 794 2962 ut
802 2905 869 2965 lau-

120 2998 166 3056 det
184 3011 221 3066 te.
238 3005 303 3059 Non
322 3009 414 3056 cessat
431 3017 485 3057 uec
500 3008 578 3054 tacet
598 2995 699 3054 laudes
714 3007 779 3054 tuas
801 3015 869 3054 um-
965 3028 968 3036 ›

154 3177 162 3202 ¹
173 3165 234 3220 Psal.
246 3181 328 3226 xxnv,
343 3168 383 3214 lo.
