2326 4020
323 474 576 524 nortmannum
594 477 690 525 amun
707 477 753 526 ΠΙ.
885 481 915 528 77

152 577 242 634 cietas
257 575 421 645 bominum,
434 595 499 652 quae
513 576 602 633 servit
617 576 689 634 tibi?
701 579 757 636 Sed
772 577 850 637 beati
865 585 916 658 qui

151 677 179 722 te
198 666 360 742 imperasse
382 663 488 722 sciunt.
507 665 595 723 Fiunt
614 666 690 723 enim
706 668 834 726 omniaa
855 689 917 729 ser-

151 755 300 814 vientibus
325 754 395 828 tibi,
415 756 462 813 vel
488 755 524 812 ad
546 755 744 814 exhibendum
769 761 849 836 quod
878 764 915 820 ad

151 864 277 920 praesens
293 866 370 923 opus
384 857 443 916 est,
460 846 505 902 vel
519 844 556 901 ad
571 845 669 903 futura
683 851 913 924 praenuntianda.

434 1026 568 1088 CAPUT
589 1025 629 1086 X.

239 1200 316 1262 Nugae
336 1193 530 1246 Manichaeorum
550 1194 581 1244 de
601 1203 673 1244 terrae
695 1195 821 1246 fructibus.

193 1351 239 1408 18.
256 1341 326 1405 llaec
349 1361 403 1426 ego
424 1349 570 1420 nesciens,
586 1347 745 1406 irridebam
759 1351 824 1408 illos
842 1373 910 1409 sau-

147 1454 210 1500 ctos
225 1459 327 1500 servos
339 1452 368 1496 et
381 1439 542 1516 Prophetas
557 1451 629 1496 tuos.
645 1443 682 1496 Et
701 1439 772 1516 quid
789 1441 910 1517 agebam

148 1553 216 1590 cnm
233 1528 394 1589 irridebam
417 1550 481 1602 eos,
501 1529 556 1587 nisi
579 1537 617 1586 ut'
633 1527 772 1586 irriderer
796 1531 847 1588 abs
867 1545 910 1604 te,

146 1611 255 1679 sensim
271 1617 513 1697 atque'paulatim'
523 1618 684 1698 perductus
695 1619 732 1678 a'd
747 1641 793 1680 eas
805 1643 909 1701 nugaS,

147 1712 183 1770 ut
195 1713 346 1770 crederem
365 1711 453 1768 licum
467 1712 585 1789 plorare
601 1731 667 1768 cum
683 1710 865 1788 decerpitur,
881 1727 909 1771 et

146 1809 273 1861 matrem
293 1799 356 1878 ejus
376 1799 511 1858 arborem
527 1800 665 1877 lacrymis
681 1799 801 1855 lacteis?
816 1801 909 1874 Quam

147 1907 246 1952 tamen
259 1893 347 1950 ficum
364 1891 388 1949 si
400 1884 572 1949 comedisset
585 1890 691 1967 aliquis
709 1903 837 1958 sanctus,
858 1892 910 1948 ali-

144 2002 202 2040 eno
215 1997 299 2054 sane,
312 2000 371 2038 non
389 2001 443 2038 suo
458 1980 566 2038 scelere
582 1979 763 2057 decerptam,
777 1979 910 2037 misceret

145 2071 324 2142 visceribus,
344 2083 374 2128 et
391 2069 540 2128 anhelaret
562 2069 598 2128 de
615 2070 666 2127 illa
691 2059 826 2147 angeles,
850 2071 908 2128 imo

145 2181 220 2220 vero
236 2161 396 2239 particulas
417 2161 486 2232 Dei,
505 2149 646 2240 gemendi)
662 2159 694 2218 in
711 2160 842 2217 oratione
861 2173 908 2217 at-
973 2225 977 2232 x

146 2271 205 2328 que
222 2251 388 2309 ructand'o':
404 2261 469 2328 qu'ae
489 2251 640 2328 particulae
666 2249 772 2308 summi
797 2261 828 2306 et
846 2253 908 2312 veri

144 2341 201 2399 Dei
227 2342 322 2419 ligatae
345 2341 471 2400 fuissent
494 2341 524 2398 in
555 2341 605 2399 illo
623 2351 723 2418 pomo,
744 2340 799 2399 nisi
823 2341 908 2398 electi

144 2431 238 2490 sancti
258 2430 344 2488 dente
359 2451 392 2490 ac
411 2443 513 2489 ventre
529 2427 718 2490 solverentur.
739 2433 778 2487 Et
797 2430 909 2488 credidi

144 2523 234 2580 miser
259 2522 349 2600 magis
375 2539 437 2580 esse
461 2521 689 2580 misericordiam
712 2521 907 2598 praestandam

143 2611 290 2672 fructibus
326 2623 426 2684 ter'rae,
456 2625 555 2689 quam'
574 2611 755 2683 hominibus,
786 2625 907 2690 propter

144 2723 218 2782 quos
234 2715 433 2761 nascerentur.
453 2703 482 2760 Si
504 2703 569 2780 quis
588 2702 665 2759 enim
680 2701 808 2759 esuriens
824 2713 907 2776 pete-

144 2809 200 2866 ret,
217 2793 270 2876 qui
293 2792 471 2852 Manichacus
494 2813 552 2850 non
575 2802 667 2862 esset,
686 2789 768 2868 quasi
790 2789 906 2868 capitali

144 2885 288 2964 supplicio
310 2881 473 2941 damnanda
492 2881 629 2940 buccella
651 2879 814 2952 videretur,
837 2881 859 2938 si
879 2883 905 2938 ei

144 2975 274 3034 daretur.
