2316 4020
332 427 583 477 coutmstotttttt
601 427 695 476 LIBER
713 430 757 482 Ἦ.
873 431 917 480 151

140 549 219 588 cum
232 544 376 607 pararem
390 529 514 586 recitare
527 531 700 606 Imperatori
709 530 811 590 laudes
820 540 842 602 ²,
855 533 924 610 qui-

138 619 204 678 bus
221 621 318 697 plura
338 617 487 691 mentirer,
502 619 701 679 etmentieuti
719 621 867 680 faveretur
882 621 920 682 ab

139 710 332 782 scientibus,
347 729 454 786 easque
463 727 554 768 curas
567 710 717 770 anhelaret
734 731 786 770 cor
805 731 921 786 meum,

138 815 174 859 et
191 802 412 880 cogitationum
425 799 609 860 tabificarum
624 800 756 862 febribus
769 817 918 876 metuerem

141 893 302 950 mansiens
316 911 370 969 per
383 891 540 968 quemdam
553 892 651 950 vicum
666 892 922 966 Mediolanensem,

139 983 354 1042 animadverti
372 1001 531 1060 pauperem
551 983 732 1058 mendicum,
747 984 809 1062 jam
831 985 920 1048 credo

140 1059 289 1134 saturum
296 1119 306 1148 ,
313 1074 461 1152 jocantem
471 1087 559 1152 atque
568 1077 713 1136 letantem
723 1098 730 1134 :
742 1077 919 1154 elingemui,

140 1181 175 1226 et
193 1169 319 1226 locutus
332 1170 397 1226 sum
417 1187 485 1225 cum
502 1167 603 1226 auritis
617 1169 668 1245 qui
684 1187 800 1227 mecum
819 1181 919 1238 erant,

142 1260 264 1318 multos
293 1258 410 1316 dolores
436 1258 613 1318 insaniarum
640 1271 820 1331 nostrarum
849 1259 919 1337 quia

141 1349 293 1408 omnibus
303 1349 409 1408 talibus
418 1349 572 1408 conatibus
580 1351 694 1423 nostris,
702 1350 839 1429 qualibus
849 1365 918 1410 tunc

143 1439 344 1512 laborabam,
364 1439 419 1498 sub
440 1440 563 1498 stimulis
585 1440 777 1519 cupiditatum
800 1443 917 1500 trahens

143 1530 333 1590 infelicitatis
346 1551 418 1590 meae
430 1532 584 1603 sarcinam,
596 1543 627 1590 et
641 1531 784 1591 trahendo
797 1551 917 1611 exagge·

145 1642 236 1694 rens,
253 1621 326 1680 nibil
339 1623 480 1681 vellemus
494 1622 575 1680 aliud
593 1623 650 1680 nisi
668 1623 705 1681 ad
719 1642 851 1682 securam
866 1625 917 1681 laa-

145 1712 251 1770 titiam
271 1711 440 1788 pervenire,
462 1733 521 1790 quo
541 1732 595 1772 nos
617 1711 769 1771 mendicus
790 1712 839 1769 ille
855 1711 916 1788 jam

146 1803 361 1881 praecessisset,
373 1823 522 1882 nunquam
534 1805 658 1863 fortasse
675 1803 746 1862 illuc
759 1809 915 1862 venturos!

147 1891 243 1966 Quod
262 1891 341 1950 enim
358 1889 420 1970 jam
443 1895 493 1952 ille
517 1893 650 1972 pauculis
674 1904 705 1950 et
729 1890 915 1950 emendicatis
948 1891 949 1894 ’

147 1981 313 2040 nummulis
324 1982 447 2061 adeptus
460 1996 534 2056 erat,
554 1982 592 2044 ad
610 1983 667 2042 hoc
687 2001 743 2060 ego
762 1989 823 2040 tam
839 1999 917 2039 arru-

149 2071 265 2130 mnoais
277 2072 453 2132 anfractibus
464 2085 494 2132 et
507 2073 678 2133 circuitibus
688 2071 868 2144 ambiebam,
877 2072 916 2130 ad

149 2161 285 2233 laetitiam
296 2161 407 2220 seilicet
417 2163 584 2238 temporalis
598 2161 751 2222 felicitatis.
762 2167 827 2222 Non
837 2160 914 2220 enim

149 2269 258 2325 verum
271 2251 411 2329 gaudium
425 2251 564 2326 habebat,
577 2253 629 2312 sed
642 2267 672 2312 et
685 2273 739 2330 ego
752 2253 808 2312 illis
818 2251 914 2310 ambi-

150 2339 284 2401 tionibus
304 2342 397 2400 rirulto
410 2342 510 2400 falsius
524 2341 700 2419 quaerebam.
715 2347 752 2400 Et
767 2354 846 2400 certe
864 2341 914 2400 ille

150 2429 318 2504 laetabatur,
330 2451 385 2510 ego
405 2432 509 2490 anxius
527 2452 620 2506 eram,
641 2453 760 2492 securus
777 2433 842 2501 ille,
859 2451 915 2508 ego

150 2521 294 2600 trepidus
318 2526 356 2580 Et
376 2521 400 2580 si
420 2523 574 2600 quisquam
600 2537 823 2602 percontaretur
850 2547 914 2596 me,

184 2687 201 2713 ὃ
209 2681 316 2730 Fortem
329 2679 502 2732 Valentiniano
512 2680 610 2742 minori,
622 2681 680 2747 quia
695 2683 748 2746 ejus
760 2704 772 2724 u
787 2681 913 2734 commus

152 2781 165 2800 n
176 2757 245 2824 apud
257 2758 438 2821 Mediolanum,
454 2785 467 2804 a
483 2777 515 2811 ex
532 2758 654 2820 Possidio,
669 2775 721 2826 cap.
735 2763 758 2820 1,
770 2769 914 2830 «tumeret

150 2840 334 2903 »constitutum
350 2865 363 2886 υ
379 2859 435 2892 cum
448 2843 483 2893 ibi
496 2841 642 2914 rhetoricam
660 2841 819 2911 profitebatur
830 2846 914 2910 Augu-

148 2918 243 2992 stinus;
255 2921 298 2988 qui
310 2931 428 2990 preterea
439 2923 482 2974 lib,
498 2927 512 2975 3
526 2931 609 2974 corba
617 2917 728 2973 Petiliam
737 2911 794 2974 Litt.
805 2939 857 2990 cap.
869 2927 913 2982 25,

148 2998 238 3048 scribit
248 3016 276 3050 se
288 2999 315 3051 in
327 3002 414 3054 eadem
430 3003 492 3054 urbe
505 3027 518 3047 α
527 3001 632 3054 bautoni
643 3001 749 3065 consuli,
760 2999 867 3053 calendis
875 3005 912 3068 ja7

150 3101 165 3122 a
177 3079 259 3131 auarii
275 3079 374 3135 laudem
386 3099 432 3154 pm
445 3099 488 3136 sua
501 3083 560 3136 tum
575 3083 702 3139 rhetorica
710 3084 857 3154 promisione
875 3099 912 3132 re·

151 3183 165 3207 ι
174 3160 273 3214 tilam,
284 3185 297 3206 rr
