2354 4034
294 415 344 464 466
480 418 505 468 S.
524 417 706 468 AUGUSTINI
724 415 867 474 EPISCOPI

290 515 493 592 exhortantur,
507 531 536 578 et
546 517 763 577 benedicuntur
775 516 813 576 ob
830 515 890 574 eis*
909 515 1064 594 multipli-

291 606 365 665 citer
383 609 420 666 de
441 610 488 668 die
506 611 537 668 iu
557 608 644 668 diem:
661 613 700 667 At
716 628 788 667 vero
810 608 906 666 anima
928 608 997 666 viva
1018 609 1062 666 de

292 709 370 755 terra
393 702 540 778 sumpsit*
566 699 735 772 exordium,
757 699 828 776 quia
849 718 907 757 non
931 697 1062 776 prodest

289 783 419 861 junrnisi
431 790 566 874 fidelibus
582 791 731 849 continere
748 809 778 848 se
793 788 831 848 ab
850 808 947 847 amore
963 786 1060 864 hujus

292 881 448 953 saeculi,ut
460 883 555 941 anima
567 903 669 941 eorum
684 879 738 939 tibi
752 881 845 953 vivat,
857 899 922 957 quae
935 891 1059 938 mortua

292 981 354 1026 erat
373 971 404 1029 in
423 972 533 1032 deliciis
546 973 661 1046 vivens,
682 966 806 1044 deliciis,
818 970 958 1042 Domine,
973 990 1059 1028 mor-

292 1059 383 1124 tiferis
398 1072 423 1134 ¹13
444 1083 512 1122 nam
534 1077 566 1122 tu
592 1063 663 1141 puri
685 1060 782 1120 cordis
804 1061 906 1120 vitales
930 1059 1055 1119 delioiae.

331 1149 380 1208 30.
391 1154 557 1232 Operentur
569 1175 639 1233 ergo
649 1153 711 1231 jum
724 1153 846 1210 interra
859 1150 986 1210 ministri
1000 1153 1057 1223 tui,

292 1257 353 1296 non
366 1241 442 1300 siout
455 1243 486 1301 in
499 1245 583 1321 aquis
596 1242 792 1315 infidelitatis,
807 1240 1010 1300 annuntiando
1024 1253 1057 1298 et

293 1328 443 1405 loquendo*
453 1353 507 1411 per
521 1333 662 1392 miraculo
677 1346 706 1391 et
722 1346 902 1392 sacramenta
917 1343 948 1388 et
963 1351 1055 1390 voces

291 1421 448 1498 mysticas,
468 1421 521 1482 ubi
534 1425 646 1482 intenta
660 1423 876 1500 sitiguorantia
889 1434 983 1480 mater
1003 1422 1055 1480 ad-

281 1508 454 1594 mirationis
468 1515 502 1572 in¹
511 1515 615 1573 timore
628 1514 810 1572 occultorum
827 1511 993 1593 signorum3
1008 1523 1055 1569 ta-

291 1601 331 1660 lis
343 1604 421 1664 enirn
432 1619 476 1665 est
488 1595 626 1665 introitus
637 1604 674 1664 ad
686 1604 773 1663 fidem
786 1603 854 1662 filiis
863 1601 958 1662 Adam
974 1601 1055 1661 obli-

293 1691 329 1750 tis
342 1693 398 1767 tui,
410 1694 480 1754 dum
493 1695 678 1758 abscondunt
689 1712 720 1751 se
734 1713 751 1751 a
765 1691 839 1750 facie
851 1699 920 1750 tua¹
935 1704 965 1750 et
977 1692 1055 1766 fiunt

293 1780 415 1862 abyssus
433 1808 439 1844 :
457 1787 508 1846 sed
530 1783 690 1865 operentur
711 1784 798 1842 etiarn
820 1783 896 1842 sicut
916 1781 948 1840 in
970 1783 1053 1840 arida

294 1872 419 1933 discreta
433 1895 450 1934 a
462 1874 627 1956 gurgitibus
639 1873 749 1951 abyssi3
762 1885 791 1930 et
803 1871 860 1948 sint
871 1871 966 1950 forma
976 1873 1054 1930 fide-

293 1961 384 2036 libus,
395 1965 521 2025 vivendo
536 1986 635 2026 coram
651 1967 709 2036 eis,
724 1976 753 2022 et
765 1961 921 2021 excitando
932 1962 970 2020 ad
981 1963 1057 2028 imi-,

293 2054 438 2116 tationem.
457 2059 502 2117 Sic
515 2061 593 2118 enim
604 2079 663 2116 non
677 2070 788 2116 tantum
802 2056 839 2114 ad
855 2055 1051 2130 audiendum,

293 2144 441 2206 sedetiam
456 2149 493 2208 ad
507 2149 671 2208 faciendum
687 2148 831 2206 audiunt:
850 2151 978 2222 Quoerite
987 2150 1051 2202 Do-

294 2243 414 2308 minum,
440 2249 565 2298 erutuet
587 2249 688 2298 anima
713 2240 841 2312 vestra3,
861 2241 1053 2316 utproducur

292 2341 368 2384 terra
379 2337 506 2388 animam
518 2339 669 2388 virentem.
687 2335 782 2390 Nolite
797 2329 972 2406 conformari
987 2333 1053 2388 linio

292 2423 395 2476 soeculo
406 2420 432 2491 4,
457 2421 602 2478 continete
621 2441 674 2478 vos
693 2422 730 2479 ab
750 2443 797 2482 eo.
816 2421 961 2480 Evitando
981 2421 1056 2479 vivit

293 2509 401 2584 anima,
419 2531 484 2590 quae
499 2512 664 2592 appetendo
679 2514 811 2572 moritur.
833 2513 985 2575 continete
998 2533 1053 2571 vos

293 2599 330 2660 ab
352 2602 471 2661 immani
493 2605 608 2663 feritate
621 2603 781 2682 superbiae,
802 2603 839 2663 ab
860 2605 946 2662 inerti
965 2606 1053 2662 volu·

293 2703 372 2769 prate
384 2696 525 2766 luxuriae,
539 2707 568 2753 et
582 2715 599 2753 a
611 2696 707 2755 fallaci
726 2696 844 2754 nomino
860 2693 1004 2765 scientiae,
1020 2709 1054 2752 ut

294 2783 351 2840 sint
363 2781 464 2844 bestiae
478 2781 656 2858 mansuetae,
676 2800 705 2844 et
721 2805 829 2864 pecora
848 2783 995 2855 edomita,
1024 2798 1053 2842 et

291 2873 402 2932 innoxii
424 2888 580 2954 serpentes.
601 2881 696 2934 Motus
711 2877 788 2934 enim
804 2875 907 2934 animae
921 2885 990 2930 sunt
1003 2873 1054 2932 isti

269 3145 271 3152 Ι
328 3087 336 3111 ¹
353 3078 437 3128 ITirn
448 3095 471 3138 v,
483 3085 508 3128 6.
523 3098 561 3115 -’
577 3089 587 3114 ²
603 3084 668 3130 Gen.
687 3097 729 3140 111,
745 3083 768 3128 8.
788 3105 824 3114 -
840 3071 856 3113 '3
873 3075 938 3126 Psal.
960 3091 1053 3134 nxrm,

254 3197 257 3204 ⁴
292 3163 380 3208 33.-
398 3159 492 3208 tuom.
505 3169 555 3217 xn,
572 3165 595 3208 2.
