<?xml version="1.0" encoding="UTF-8"?>
<!DOCTYPE html PUBLIC "-//W3C//DTD XHTML 1.0 Transitional//EN"
    "http://www.w3.org/TR/xhtml1/DTD/xhtml1-transitional.dtd">
<html xmlns="http://www.w3.org/1999/xhtml" xml:lang="en" lang="en">
 <head>
  <title>
</title>
<meta http-equiv="Content-Type" content="text/html;charset=utf-8" />
  <meta name='ocr-system' content='tesseract 3.04.00' />
  <meta name='ocr-capabilities' content='ocr_page ocr_carea ocr_par ocr_line ocrx_word'/>
</head>
<body>
  <div class='ocr_page' id='page_1' title='image "./confessionumlib00maugoog_0050.png"; bbox 0 0 2326 4020; ppageno 0'>
   <div class='ocr_carea' id='block_1_1' title="bbox 235 495 802 548">
    <p class='ocr_par' dir='ltr' id='par_1_1' title="bbox 235 495 802 548">
     <span class='ocr_line' id='line_1_1' title="bbox 235 495 802 548; baseline -0.009 -1"><span class='ocrx_word' id='word_1_1' title='bbox 235 503 266 548; x_wconf 77' lang='lat'>³8</span> <span class='ocrx_word' id='word_1_2' title='bbox 416 499 440 546; x_wconf 86' lang='lat' dir='ltr'>S.</span> <span class='ocrx_word' id='word_1_3' title='bbox 460 497 642 546; x_wconf 75' lang='lat' dir='ltr'><strong>AUGUSTINI</strong></span> <span class='ocrx_word' id='word_1_4' title='bbox 659 495 802 544; x_wconf 80' lang='lat' dir='ltr'>EPISCOPI</span> 
     </span>
    </p>
   </div>
   <div class='ocr_carea' id='block_1_2' title="bbox 232 596 1032 2644">
    <p class='ocr_par' dir='ltr' id='par_1_2' title="bbox 232 596 1032 1568">
     <span class='ocr_line' id='line_1_2' title="bbox 232 596 986 670; baseline -0.003 -18"><span class='ocrx_word' id='word_1_5' title='bbox 232 611 289 654; x_wconf 85' lang='lat' dir='ltr'>tum</span> <span class='ocrx_word' id='word_1_6' title='bbox 310 609 403 664; x_wconf 83' lang='lat' dir='ltr'>tuum,·</span> <span class='ocrx_word' id='word_1_7' title='bbox 420 598 531 652; x_wconf 84' lang='lat' dir='ltr'>uultum</span> <span class='ocrx_word' id='word_1_8' title='bbox 551 608 640 665; x_wconf 85' lang='lat' dir='ltr'>tuum,</span> <span class='ocrx_word' id='word_1_9' title='bbox 660 596 789 661; x_wconf 79' lang='lat' dir='ltr'><em>Domine,</em></span> <span class='ocrx_word' id='word_1_10' title='bbox 813 601 953 670; x_wconf 74' lang='lat' dir='ltr'><strong><em>requiram</em></strong></span> <span class='ocrx_word' id='word_1_11' title='bbox 966 607 986 650; x_wconf 90' lang='lat'>¹.</span> 
     </span>
     <span class='ocr_line' id='line_1_3' title="bbox 232 683 988 764; baseline -0.003 -22"><span class='ocrx_word' id='word_1_12' title='bbox 232 683 326 744; x_wconf 86' lang='lat' dir='ltr'>Nam*</span> <span class='ocrx_word' id='word_1_13' title='bbox 339 685 422 764; x_wconf 79' lang='lat' dir='ltr'>longe</span> <span class='ocrx_word' id='word_1_14' title='bbox 436 684 549 742; x_wconf 87' lang='lat' dir='ltr'>avultu</span> <span class='ocrx_word' id='word_1_15' title='bbox 563 696 623 754; x_wconf 87' lang='lat' dir='ltr'>tuo,</span> <span class='ocrx_word' id='word_1_16' title='bbox 639 683 668 740; x_wconf 91' lang='lat' dir='ltr'>in</span> <span class='ocrx_word' id='word_1_17' title='bbox 683 683 790 745; x_wconf 81' lang='lat' dir='ltr'>affectu</span> <span class='ocrx_word' id='word_1_18' title='bbox 802 683 988 744; x_wconf 85' lang='lat' dir='ltr'>tenebroso*.</span> 
     </span>
     <span class='ocr_line' id='line_1_4' title="bbox 232 773 989 852; baseline -0.003 -18"><span class='ocrx_word' id='word_1_19' title='bbox 232 779 297 846; x_wconf 73' lang='lat' dir='ltr'>Non</span> <span class='ocrx_word' id='word_1_20' title='bbox 310 775 388 834; x_wconf 90' lang='lat' dir='ltr'>enim</span> <span class='ocrx_word' id='word_1_21' title='bbox 401 773 526 852; x_wconf 88' lang='lat' dir='ltr'>pedibus</span> <span class='ocrx_word' id='word_1_22' title='bbox 542 786 593 832; x_wconf 89' lang='lat' dir='ltr'>aut</span> <span class='ocrx_word' id='word_1_23' title='bbox 606 773 706 852; x_wconf 84' lang='lat' dir='ltr'>spatiis</span> <span class='ocrx_word' id='word_1_24' title='bbox 721 775 852 838; x_wconf 86' lang='lat' dir='ltr'>locorum</span> <span class='ocrx_word' id='word_1_25' title='bbox 866 773 925 852; x_wconf 84' lang='lat' dir='ltr'>itur</span> <span class='ocrx_word' id='word_1_26' title='bbox 936 773 989 832; x_wconf 86' lang='lat' dir='ltr'>abs</span> 
     </span>
     <span class='ocr_line' id='line_1_5' title="bbox 233 862 990 956; baseline 0 -34"><span class='ocrx_word' id='word_1_27' title='bbox 233 879 274 936; x_wconf 90' lang='lat' dir='ltr'>te,</span> <span class='ocrx_word' id='word_1_28' title='bbox 289 876 340 956; x_wconf 68' lang='lat' dir='ltr'>aut</span> <span class='ocrx_word' id='word_1_29' title='bbox 360 864 472 942; x_wconf 86' lang='lat' dir='ltr'>reditur</span> <span class='ocrx_word' id='word_1_30' title='bbox 493 863 531 922; x_wconf 82' lang='lat' dir='ltr'>ad</span> <span class='ocrx_word' id='word_1_31' title='bbox 546 877 583 922; x_wconf 89' lang='lat' dir='ltr'>te.</span> <span class='ocrx_word' id='word_1_32' title='bbox 603 869 663 922; x_wconf 84' lang='lat' dir='ltr'>Aut</span> <span class='ocrx_word' id='word_1_33' title='bbox 676 883 747 920; x_wconf 91' lang='lat' dir='ltr'>vero</span> <span class='ocrx_word' id='word_1_34' title='bbox 764 863 839 921; x_wconf 86' lang='lat' dir='ltr'>filius</span> <span class='ocrx_word' id='word_1_35' title='bbox 852 862 900 921; x_wconf 91' lang='lat' dir='ltr'>ille</span> <span class='ocrx_word' id='word_1_36' title='bbox 922 877 990 943; x_wconf 64' lang='lat' dir='ltr'>tuus</span> 
     </span>
     <span class='ocr_line' id='line_1_6' title="bbox 233 953 1032 1030; baseline -0.004 -16"><span class='ocrx_word' id='word_1_37' title='bbox 233 955 328 1014; x_wconf 86' lang='lat' dir='ltr'>minor</span> <span class='ocrx_word' id='word_1_38' title='bbox 346 973 450 1030; x_wconf 88' lang='lat' dir='ltr'>equos,</span> <span class='ocrx_word' id='word_1_39' title='bbox 469 965 520 1012; x_wconf 91' lang='lat' dir='ltr'>aut</span> <span class='ocrx_word' id='word_1_40' title='bbox 539 971 657 1023; x_wconf 88' lang='lat' dir='ltr'>currus,</span> <span class='ocrx_word' id='word_1_41' title='bbox 670 953 717 1010; x_wconf 90' lang='lat' dir='ltr'>vel</span> <span class='ocrx_word' id='word_1_42' title='bbox 736 971 827 1010; x_wconf 86' lang='lat' dir='ltr'>naves</span> <span class='ocrx_word' id='word_1_43' title='bbox 841 953 991 1030; x_wconf 82' lang='lat' dir='ltr'>quaesivit,</span> <span class='ocrx_word' id='word_1_44' title='bbox 1026 999 1032 1004; x_wconf 83' lang='lat'>.</span> 
     </span>
     <span class='ocr_line' id='line_1_7' title="bbox 233 1041 990 1122; baseline -0.004 -19"><span class='ocrx_word' id='word_1_45' title='bbox 233 1056 283 1103; x_wconf 87' lang='lat' dir='ltr'>aut</span> <span class='ocrx_word' id='word_1_46' title='bbox 305 1044 431 1102; x_wconf 84' lang='lat' dir='ltr'><strong>avolavit</strong></span> <span class='ocrx_word' id='word_1_47' title='bbox 454 1062 550 1121; x_wconf 87' lang='lat' dir='ltr'>penna</span> <span class='ocrx_word' id='word_1_48' title='bbox 568 1041 691 1112; x_wconf 83' lang='lat' dir='ltr'>visibili,</span> <span class='ocrx_word' id='word_1_49' title='bbox 707 1053 757 1098; x_wconf 73' lang='lat' dir='ltr'>aiut</span> <span class='ocrx_word' id='word_1_50' title='bbox 777 1053 856 1099; x_wconf 88' lang='lat' dir='ltr'>moto</span> <span class='ocrx_word' id='word_1_51' title='bbox 878 1041 990 1122; x_wconf 88' lang='lat' dir='ltr'>poplite</span> 
     </span>
     <span class='ocr_line' id='line_1_8' title="bbox 233 1127 990 1213; baseline 0 -21"><span class='ocrx_word' id='word_1_52' title='bbox 233 1137 288 1193; x_wconf 90' lang='lat' dir='ltr'>iter</span> <span class='ocrx_word' id='word_1_53' title='bbox 306 1134 378 1213; x_wconf 86' lang='lat' dir='ltr'>egit,</span> <span class='ocrx_word' id='word_1_54' title='bbox 395 1146 428 1192; x_wconf 91' lang='lat' dir='ltr'>ut</span> <span class='ocrx_word' id='word_1_55' title='bbox 445 1134 475 1192; x_wconf 91' lang='lat' dir='ltr'>in</span> <span class='ocrx_word' id='word_1_56' title='bbox 494 1133 653 1210; x_wconf 81' lang='lat' dir='ltr'>longinqua</span> <span class='ocrx_word' id='word_1_57' title='bbox 670 1127 787 1209; x_wconf 77' lang='lat' dir='ltr'>regione</span> <span class='ocrx_word' id='word_1_58' title='bbox 803 1131 902 1189; x_wconf 90' lang='lat' dir='ltr'>vivens</span> <span class='ocrx_word' id='word_1_59' title='bbox 919 1151 990 1208; x_wconf 84' lang='lat' dir='ltr'>pro·</span> 
     </span>
     <span class='ocr_line' id='line_1_9' title="bbox 232 1219 992 1302; baseline -0.005 -20"><span class='ocrx_word' id='word_1_60' title='bbox 232 1223 299 1302; x_wconf 81' lang='lat' dir='ltr'>dige</span> <span class='ocrx_word' id='word_1_61' title='bbox 310 1223 466 1300; x_wconf 73' lang='lat' dir='ltr'>dissiparet.</span> <span class='ocrx_word' id='word_1_62' title='bbox 473 1221 553 1299; x_wconf 90' lang='lat' dir='ltr'>quod</span> <span class='ocrx_word' id='word_1_63' title='bbox 565 1221 687 1279; x_wconf 90' lang='lat' dir='ltr'>dederas</span> <span class='ocrx_word' id='word_1_64' title='bbox 698 1219 911 1296; x_wconf 84' lang='lat' dir='ltr'>proficiscenti?</span> <span class='ocrx_word' id='word_1_65' title='bbox 922 1221 992 1278; x_wconf 91' lang='lat' dir='ltr'>Dul-</span> 
     </span>
     <span class='ocr_line' id='line_1_10' title="bbox 235 1310 989 1394; baseline -0.004 -23"><span class='ocrx_word' id='word_1_66' title='bbox 235 1315 275 1371; x_wconf 89' lang='lat' dir='ltr'>cis</span> <span class='ocrx_word' id='word_1_67' title='bbox 288 1326 372 1390; x_wconf 88' lang='lat' dir='ltr'>pater</span> <span class='ocrx_word' id='word_1_68' title='bbox 385 1314 455 1394; x_wconf 87' lang='lat' dir='ltr'>quia</span> <span class='ocrx_word' id='word_1_69' title='bbox 467 1312 605 1382; x_wconf 84' lang='lat' dir='ltr'>dederas,</span> <span class='ocrx_word' id='word_1_70' title='bbox 618 1323 647 1369; x_wconf 91' lang='lat' dir='ltr'>et</span> <span class='ocrx_word' id='word_1_71' title='bbox 663 1330 753 1388; x_wconf 83' lang='lat' dir='ltr'>egeno</span> <span class='ocrx_word' id='word_1_72' title='bbox 769 1310 903 1372; x_wconf 85' lang='lat' dir='ltr'>redeunti</span> <span class='ocrx_word' id='word_1_73' title='bbox 921 1311 989 1369; x_wconf 91' lang='lat' dir='ltr'>dul-</span> 
     </span>
     <span class='ocr_line' id='line_1_11' title="bbox 235 1398 991 1478; baseline -0.003 -20"><span class='ocrx_word' id='word_1_74' title='bbox 235 1402 327 1459; x_wconf 89' lang='lat' dir='ltr'>ci0r².</span> <span class='ocrx_word' id='word_1_75' title='bbox 347 1404 381 1459; x_wconf 89' lang='lat' dir='ltr'>In</span> <span class='ocrx_word' id='word_1_76' title='bbox 400 1402 506 1460; x_wconf 81' lang='lat' dir='ltr'>affectu</span> <span class='ocrx_word' id='word_1_77' title='bbox 525 1403 594 1478; x_wconf 80' lang='lat' dir='ltr'>e&#39;rgo</span> <span class='ocrx_word' id='word_1_78' title='bbox 614 1399 783 1469; x_wconf 89' lang='lat' dir='ltr'>libidinoso,</span> <span class='ocrx_word' id='word_1_79' title='bbox 802 1398 834 1456; x_wconf 90' lang='lat' dir='ltr'>id</span> <span class='ocrx_word' id='word_1_80' title='bbox 852 1399 928 1456; x_wconf 88' lang='lat' dir='ltr'>enim</span> <span class='ocrx_word' id='word_1_81' title='bbox 947 1413 991 1457; x_wconf 89' lang='lat' dir='ltr'>est</span> 
     </span>
     <span class='ocr_line' id='line_1_12' title="bbox 236 1489 909 1568; baseline -0.001 -21"><span class='ocrx_word' id='word_1_82' title='bbox 236 1489 404 1563; x_wconf 89' lang='lat' dir='ltr'>tenebroso,</span> <span class='ocrx_word' id='word_1_83' title='bbox 417 1504 504 1568; x_wconf 86' lang='lat' dir='ltr'>atque</span> <span class='ocrx_word' id='word_1_84' title='bbox 516 1489 547 1548; x_wconf 92' lang='lat' dir='ltr'>id</span> <span class='ocrx_word' id='word_1_85' title='bbox 563 1501 605 1550; x_wconf 86' lang='lat' dir='ltr'>est</span> <span class='ocrx_word' id='word_1_86' title='bbox 620 1491 705 1566; x_wconf 81' lang='lat' dir='ltr'>longe</span> <span class='ocrx_word' id='word_1_87' title='bbox 721 1491 835 1550; x_wconf 86' lang='lat' dir='ltr'>avultu</span> <span class='ocrx_word' id='word_1_88' title='bbox 850 1500 909 1548; x_wconf 90' lang='lat' dir='ltr'>tuo.</span> 
     </span>
    </p>

    <p class='ocr_par' dir='ltr' id='par_1_3' title="bbox 236 1578 996 2644">
     <span class='ocr_line' id='line_1_13' title="bbox 276 1578 992 1655; baseline 0 -19"><span class='ocrx_word' id='word_1_89' title='bbox 276 1579 323 1637; x_wconf 79' lang='lat'>29.</span> <span class='ocrx_word' id='word_1_90' title='bbox 344 1579 430 1650; x_wconf 84' lang='lat' dir='ltr'>Vide,</span> <span class='ocrx_word' id='word_1_91' title='bbox 446 1580 571 1637; x_wconf 87' lang='lat' dir='ltr'>Domine</span> <span class='ocrx_word' id='word_1_92' title='bbox 583 1583 677 1650; x_wconf 91' lang='lat' dir='ltr'>Deus,</span> <span class='ocrx_word' id='word_1_93' title='bbox 693 1590 722 1636; x_wconf 88' lang='lat' dir='ltr'>et</span> <span class='ocrx_word' id='word_1_94' title='bbox 736 1578 879 1655; x_wconf 88' lang='lat' dir='ltr'>patienter</span> <span class='ocrx_word' id='word_1_95' title='bbox 897 1593 930 1636; x_wconf 91' lang='lat' dir='ltr'>ut</span> <span class='ocrx_word' id='word_1_96' title='bbox 950 1581 992 1636; x_wconf 92' lang='lat' dir='ltr'>vi-</span> 
     </span>
     <span class='ocr_line' id='line_1_14' title="bbox 236 1667 992 1747; baseline 0.001 -21"><span class='ocrx_word' id='word_1_97' title='bbox 236 1671 286 1728; x_wconf 91' lang='lat' dir='ltr'>des</span> <span class='ocrx_word' id='word_1_98' title='bbox 309 1669 389 1740; x_wconf 90' lang='lat' dir='ltr'>vide,</span> <span class='ocrx_word' id='word_1_99' title='bbox 415 1669 562 1747; x_wconf 90' lang='lat' dir='ltr'>quomodo</span> <span class='ocrx_word' id='word_1_100' title='bbox 584 1669 736 1746; x_wconf 81' lang='lat' dir='ltr'>diligenter</span> <span class='ocrx_word' id='word_1_101' title='bbox 765 1667 920 1727; x_wconf 89' lang='lat' dir='ltr'>observent</span> <span class='ocrx_word' id='word_1_102' title='bbox 941 1669 992 1727; x_wconf 89' lang='lat' dir='ltr'>filii</span> 
     </span>
     <span class='ocr_line' id='line_1_15' title="bbox 236 1756 993 1836; baseline -0.001 -19"><span class='ocrx_word' id='word_1_103' title='bbox 236 1761 387 1818; x_wconf 90' lang='lat' dir='ltr'>hominum</span> <span class='ocrx_word' id='word_1_104' title='bbox 407 1771 493 1836; x_wconf 84' lang='lat' dir='ltr'>pacta</span> <span class='ocrx_word' id='word_1_105' title='bbox 511 1759 690 1830; x_wconf 83' lang='lat' dir='ltr'>litterarum,</span> <span class='ocrx_word' id='word_1_106' title='bbox 708 1770 738 1816; x_wconf 91' lang='lat' dir='ltr'>et</span> <span class='ocrx_word' id='word_1_107' title='bbox 751 1756 926 1833; x_wconf 83' lang='lat' dir='ltr'>syllabarum</span> <span class='ocrx_word' id='word_1_108' title='bbox 942 1777 993 1816; x_wconf 86' lang='lat' dir='ltr'>ac—</span> 
     </span>
     <span class='ocr_line' id='line_1_16' title="bbox 237 1847 992 1926; baseline -0.004 -20"><span class='ocrx_word' id='word_1_109' title='bbox 237 1862 321 1926; x_wconf 86' lang='lat' dir='ltr'>cepta</span> <span class='ocrx_word' id='word_1_110' title='bbox 340 1869 356 1906; x_wconf 89' lang='lat' dir='ltr'>a</span> <span class='ocrx_word' id='word_1_111' title='bbox 373 1849 520 1926; x_wconf 84' lang='lat' dir='ltr'>prioribus</span> <span class='ocrx_word' id='word_1_112' title='bbox 539 1847 731 1924; x_wconf 78' lang='lat' dir='ltr'>locutoribus,</span> <span class='ocrx_word' id='word_1_113' title='bbox 748 1859 778 1918; x_wconf 79' lang='lat' dir='ltr'>et</span> <span class='ocrx_word' id='word_1_114' title='bbox 798 1860 857 1905; x_wconf 90' lang='lat' dir='ltr'>ate</span> <span class='ocrx_word' id='word_1_115' title='bbox 873 1859 992 1924; x_wconf 86' lang='lat' dir='ltr'>accepta</span> 
     </span>
     <span class='ocr_line' id='line_1_17' title="bbox 236 1937 993 2017; baseline -0.003 -21"><span class='ocrx_word' id='word_1_116' title='bbox 236 1952 343 1997; x_wconf 85' lang='lat' dir='ltr'>aeterna</span> <span class='ocrx_word' id='word_1_117' title='bbox 357 1952 440 2017; x_wconf 87' lang='lat' dir='ltr'>pacta</span> <span class='ocrx_word' id='word_1_118' title='bbox 453 1951 601 2016; x_wconf 70' lang='lat' dir='ltr'>perpetuae</span> <span class='ocrx_word' id='word_1_119' title='bbox 613 1937 712 1996; x_wconf 76' lang='lat' dir='ltr'>salutis</span> <span class='ocrx_word' id='word_1_120' title='bbox 724 1937 883 2016; x_wconf 79' lang='lat' dir='ltr'>negligant3</span> <span class='ocrx_word' id='word_1_121' title='bbox 897 1939 993 2015; x_wconf 86' lang='lat' dir='ltr'>utqui</span> 
     </span>
     <span class='ocr_line' id='line_1_18' title="bbox 236 2025 993 2106; baseline -0.001 -22"><span class='ocrx_word' id='word_1_122' title='bbox 236 2029 285 2085; x_wconf 86' lang='lat' dir='ltr'>illa</span> <span class='ocrx_word' id='word_1_123' title='bbox 300 2047 435 2086; x_wconf 88' lang='lat' dir='ltr'>sonorum</span> <span class='ocrx_word' id='word_1_124' title='bbox 453 2040 551 2085; x_wconf 87' lang='lat' dir='ltr'>vetera</span> <span class='ocrx_word' id='word_1_125' title='bbox 568 2027 675 2105; x_wconf 84' lang='lat' dir='ltr'>placita</span> <span class='ocrx_word' id='word_1_126' title='bbox 691 2039 786 2106; x_wconf 82' lang='lat' dir='ltr'>tenent</span> <span class='ocrx_word' id='word_1_127' title='bbox 805 2039 855 2084; x_wconf 83' lang='lat' dir='ltr'>aut</span> <span class='ocrx_word' id='word_1_128' title='bbox 873 2025 993 2099; x_wconf 86' lang='lat' dir='ltr'>doceat,</span> 
     </span>
     <span class='ocr_line' id='line_1_19' title="bbox 236 2116 995 2196; baseline -0.003 -20"><span class='ocrx_word' id='word_1_129' title='bbox 236 2118 261 2176; x_wconf 88' lang='lat' dir='ltr'>si</span> <span class='ocrx_word' id='word_1_130' title='bbox 281 2129 381 2176; x_wconf 85' lang='lat' dir='ltr'>contra</span> <span class='ocrx_word' id='word_1_131' title='bbox 395 2117 576 2194; x_wconf 83' lang='lat' dir='ltr'>disciplinam</span> <span class='ocrx_word' id='word_1_132' title='bbox 590 2116 820 2196; x_wconf 82' lang='lat' dir='ltr'>grammaticam,</span> <span class='ocrx_word' id='word_1_133' title='bbox 835 2116 897 2174; x_wconf 89' lang='lat' dir='ltr'>sine</span> <span class='ocrx_word' id='word_1_134' title='bbox 916 2117 995 2194; x_wconf 86' lang='lat' dir='ltr'>aspi-</span> 
     </span>
     <span class='ocr_line' id='line_1_20' title="bbox 237 2204 995 2287; baseline 0.003 -23"><span class='ocrx_word' id='word_1_135' title='bbox 237 2208 348 2264; x_wconf 86' lang='lat' dir='ltr'>ratione</span> <span class='ocrx_word' id='word_1_136' title='bbox 365 2207 465 2287; x_wconf 85' lang='lat' dir='ltr'>primae</span> <span class='ocrx_word' id='word_1_137' title='bbox 486 2206 618 2284; x_wconf 83' lang='lat' dir='ltr'>syllabae,</span> <span class='ocrx_word' id='word_1_138' title='bbox 638 2207 777 2280; x_wconf 87' lang='lat' dir='ltr'>ominem,</span> <span class='ocrx_word' id='word_1_139' title='bbox 799 2205 919 2279; x_wconf 85' lang='lat' dir='ltr'>dixerit,</span> <span class='ocrx_word' id='word_1_140' title='bbox 935 2204 995 2266; x_wconf 93' lang='lat' dir='ltr'>dis·</span> 
     </span>
     <span class='ocr_line' id='line_1_21' title="bbox 237 2297 995 2375; baseline 0.005 -23"><span class='ocrx_word' id='word_1_141' title='bbox 237 2297 344 2373; x_wconf 79' lang='lat' dir='ltr'>plicent</span> <span class='ocrx_word' id='word_1_142' title='bbox 365 2298 454 2372; x_wconf 77' lang='lat' dir='ltr'>magis</span> <span class='ocrx_word' id='word_1_143' title='bbox 475 2297 653 2370; x_wconf 87' lang='lat' dir='ltr'>hominibus,</span> <span class='ocrx_word' id='word_1_144' title='bbox 676 2297 805 2375; x_wconf 88' lang='lat' dir='ltr'>quamsi</span> <span class='ocrx_word' id='word_1_145' title='bbox 825 2309 927 2371; x_wconf 70' lang='lat' dir='ltr'>contrp</span> <span class='ocrx_word' id='word_1_146' title='bbox 946 2310 995 2356; x_wconf 85' lang='lat' dir='ltr'>tua</span> 
     </span>
     <span class='ocr_line' id='line_1_22' title="bbox 238 2385 995 2462; baseline 0.004 -20"><span class='ocrx_word' id='word_1_147' title='bbox 238 2397 383 2462; x_wconf 87' lang='lat' dir='ltr'>praecepta</span> <span class='ocrx_word' id='word_1_148' title='bbox 396 2385 542 2447; x_wconf 89' lang='lat' dir='ltr'>hominem</span> <span class='ocrx_word' id='word_1_149' title='bbox 554 2387 663 2459; x_wconf 90' lang='lat' dir='ltr'>oderit,</span> <span class='ocrx_word' id='word_1_150' title='bbox 673 2406 738 2444; x_wconf 89' lang='lat' dir='ltr'>cum</span> <span class='ocrx_word' id='word_1_151' title='bbox 751 2387 788 2446; x_wconf 86' lang='lat' dir='ltr'>sit</span> <span class='ocrx_word' id='word_1_152' title='bbox 799 2387 894 2445; x_wconf 74' lang='lat' dir='ltr'>homo·</span> <span class='ocrx_word' id='word_1_153' title='bbox 906 2387 995 2462; x_wconf 88' lang='lat' dir='ltr'>Quasi</span> 
     </span>
     <span class='ocr_line' id='line_1_23' title="bbox 238 2476 996 2558; baseline 0.008 -27"><span class='ocrx_word' id='word_1_154' title='bbox 238 2495 308 2533; x_wconf 86' lang='lat' dir='ltr'>vero</span> <span class='ocrx_word' id='word_1_155' title='bbox 321 2476 481 2554; x_wconf 88' lang='lat' dir='ltr'>quemlibet</span> <span class='ocrx_word' id='word_1_156' title='bbox 490 2477 640 2544; x_wconf 87' lang='lat' dir='ltr'>inimicum</span> <span class='ocrx_word' id='word_1_157' title='bbox 650 2477 797 2558; x_wconf 85' lang='lat' dir='ltr'>hominem</span> <span class='ocrx_word' id='word_1_158' title='bbox 806 2476 996 2554; x_wconf 84' lang='lat' dir='ltr'>perniciosius</span> 
     </span>
     <span class='ocr_line' id='line_1_24' title="bbox 237 2565 996 2644; baseline 0.007 -23"><span class='ocrx_word' id='word_1_159' title='bbox 237 2565 340 2630; x_wconf 88' lang='lat' dir='ltr'>sentiat</span> <span class='ocrx_word' id='word_1_160' title='bbox 350 2587 438 2644; x_wconf 86' lang='lat' dir='ltr'>quam</span> <span class='ocrx_word' id='word_1_161' title='bbox 446 2566 541 2644; x_wconf 90' lang='lat' dir='ltr'>ipsum</span> <span class='ocrx_word' id='word_1_162' title='bbox 552 2567 662 2638; x_wconf 88' lang='lat' dir='ltr'>odium,</span> <span class='ocrx_word' id='word_1_163' title='bbox 670 2586 729 2644; x_wconf 87' lang='lat' dir='ltr'>quo</span> <span class='ocrx_word' id='word_1_164' title='bbox 738 2567 768 2624; x_wconf 89' lang='lat' dir='ltr'>in</span> <span class='ocrx_word' id='word_1_165' title='bbox 778 2586 844 2624; x_wconf 90' lang='lat' dir='ltr'>eum</span> <span class='ocrx_word' id='word_1_166' title='bbox 853 2567 996 2640; x_wconf 90' lang='lat' dir='ltr'>irritatur,</span> 
     </span>
    </p>
   </div>
   <div class='ocr_carea' id='block_1_3' title="bbox 238 2655 1088 2736">
    <p class='ocr_par' dir='ltr' id='par_1_4' title="bbox 238 2655 1088 2736">
     <span class='ocr_line' id='line_1_25' title="bbox 238 2655 1088 2736; baseline 0.002 -22"><span class='ocrx_word' id='word_1_167' title='bbox 238 2670 288 2715; x_wconf 85' lang='lat' dir='ltr'>uut</span> <span class='ocrx_word' id='word_1_168' title='bbox 306 2670 398 2716; x_wconf 89' lang='lat' dir='ltr'>vastet</span> <span class='ocrx_word' id='word_1_169' title='bbox 420 2658 573 2735; x_wconf 87' lang='lat' dir='ltr'>quisquam</span> <span class='ocrx_word' id='word_1_170' title='bbox 596 2655 797 2734; x_wconf 86' lang='lat' dir='ltr'>persequendo</span> <span class='ocrx_word' id='word_1_171' title='bbox 817 2657 906 2718; x_wconf 83' lang='lat' dir='ltr'>alium</span> <span class='ocrx_word' id='word_1_172' title='bbox 925 2677 994 2736; x_wconf 80' lang='lat' dir='ltr'>gra·</span> <span class='ocrx_word' id='word_1_173' title='bbox 1084 2681 1088 2692; x_wconf 70' lang='lat'>¹</span> 
     </span>
    </p>
   </div>
   <div class='ocr_carea' id='block_1_4' title="bbox 237 2745 997 3093">
    <p class='ocr_par' dir='ltr' id='par_1_5' title="bbox 237 2745 997 3093">
     <span class='ocr_line' id='line_1_26' title="bbox 237 2745 996 2828; baseline 0.004 -27"><span class='ocrx_word' id='word_1_174' title='bbox 237 2747 311 2817; x_wconf 89' lang='lat' dir='ltr'>vius,</span> <span class='ocrx_word' id='word_1_175' title='bbox 319 2764 405 2824; x_wconf 76' lang='lat' dir='ltr'>qutun</span> <span class='ocrx_word' id='word_1_176' title='bbox 418 2766 562 2806; x_wconf 90' lang='lat' dir='ltr'>corsuum</span> <span class='ocrx_word' id='word_1_177' title='bbox 573 2758 666 2804; x_wconf 86' lang='lat' dir='ltr'>vastat</span> <span class='ocrx_word' id='word_1_178' title='bbox 677 2745 862 2828; x_wconf 74' lang='lat' dir='ltr'>inimicando.</span> <span class='ocrx_word' id='word_1_179' title='bbox 871 2749 907 2803; x_wconf 88' lang='lat' dir='ltr'>Et</span> <span class='ocrx_word' id='word_1_180' title='bbox 917 2759 996 2805; x_wconf 85' lang='lat' dir='ltr'>certe</span> 
     </span>
     <span class='ocr_line' id='line_1_27' title="bbox 238 2835 997 2912; baseline 0.005 -23"><span class='ocrx_word' id='word_1_181' title='bbox 238 2849 351 2893; x_wconf 88' lang='lat' dir='ltr'>nonest</span> <span class='ocrx_word' id='word_1_182' title='bbox 366 2835 487 2894; x_wconf 88' lang='lat' dir='ltr'>interior</span> <span class='ocrx_word' id='word_1_183' title='bbox 501 2835 664 2892; x_wconf 85' lang='lat' dir='ltr'>litterarum</span> <span class='ocrx_word' id='word_1_184' title='bbox 677 2835 809 2906; x_wconf 84' lang='lat' dir='ltr'>scientia,</span> <span class='ocrx_word' id='word_1_185' title='bbox 824 2854 912 2912; x_wconf 88' lang='lat' dir='ltr'>quarn</span> <span class='ocrx_word' id='word_1_186' title='bbox 924 2836 997 2893; x_wconf 90' lang='lat' dir='ltr'>scri-</span> 
     </span>
     <span class='ocr_line' id='line_1_28' title="bbox 237 2924 997 3003; baseline 0.001 -22"><span class='ocrx_word' id='word_1_187' title='bbox 237 2937 287 3001; x_wconf 89' lang='lat' dir='ltr'>pta</span> <span class='ocrx_word' id='word_1_188' title='bbox 306 2925 495 2998; x_wconf 88' lang='lat' dir='ltr'>conscientia,</span> <span class='ocrx_word' id='word_1_189' title='bbox 506 2925 535 2984; x_wconf 92' lang='lat' dir='ltr'>id</span> <span class='ocrx_word' id='word_1_190' title='bbox 545 2925 699 2998; x_wconf 51' lang='lat' dir='ltr'>¹sealteri*</span> <span class='ocrx_word' id='word_1_191' title='bbox 720 2926 813 2984; x_wconf 81' lang='lat' dir='ltr'>facere</span> <span class='ocrx_word' id='word_1_192' title='bbox 828 2924 908 3003; x_wconf 89' lang='lat' dir='ltr'>quod</span> <span class='ocrx_word' id='word_1_193' title='bbox 924 2926 997 2984; x_wconf 91' lang='lat' dir='ltr'>nolit</span> 
     </span>
     <span class='ocr_line' id='line_1_29' title="bbox 239 3013 996 3093; baseline 0.001 -21"><span class='ocrx_word' id='word_1_194' title='bbox 239 3015 307 3093; x_wconf 60' lang='lat' dir='ltr'>pati.</span> <span class='ocrx_word' id='word_1_195' title='bbox 323 3018 415 3089; x_wconf 87' lang='lat' dir='ltr'>Quam</span> <span class='ocrx_word' id='word_1_196' title='bbox 433 3029 464 3074; x_wconf 89' lang='lat' dir='ltr'>tu</span> <span class='ocrx_word' id='word_1_197' title='bbox 479 3025 606 3074; x_wconf 79' lang='lat' dir='ltr'>secretus</span> <span class='ocrx_word' id='word_1_198' title='bbox 623 3035 666 3086; x_wconf 86' lang='lat' dir='ltr'>es,</span> <span class='ocrx_word' id='word_1_199' title='bbox 679 3013 812 3074; x_wconf 85' lang='lat' dir='ltr'>habitans</span> <span class='ocrx_word' id='word_1_200' title='bbox 829 3013 858 3072; x_wconf 89' lang='lat' dir='ltr'>in</span> <span class='ocrx_word' id='word_1_201' title='bbox 875 3013 996 3073; x_wconf 86' lang='lat' dir='ltr'>excelsis</span> 
     </span>
    </p>
   </div>
   <div class='ocr_carea' id='block_1_5' title="bbox 276 3201 894 3268">
    <p class='ocr_par' dir='ltr' id='par_1_6' title="bbox 276 3201 894 3268">
     <span class='ocr_line' id='line_1_30' title="bbox 276 3201 894 3268; baseline 0 -18"><span class='ocrx_word' id='word_1_202' title='bbox 276 3211 283 3233; x_wconf 90' lang='lat'>¹</span> <span class='ocrx_word' id='word_1_203' title='bbox 297 3201 359 3252; x_wconf 86' lang='lat' dir='ltr'>Psal.</span> <span class='ocrx_word' id='word_1_204' title='bbox 370 3217 438 3259; x_wconf 79' lang='lat' dir='ltr'>xxti,</span> <span class='ocrx_word' id='word_1_205' title='bbox 453 3207 478 3252; x_wconf 87' lang='lat'>8.</span> <span class='ocrx_word' id='word_1_206' title='bbox 490 3229 524 3268; x_wconf 65' lang='lat'>··,</span> <span class='ocrx_word' id='word_1_207' title='bbox 539 3206 618 3252; x_wconf 88' lang='lat' dir='ltr'>¹Luc.</span> <span class='ocrx_word' id='word_1_208' title='bbox 632 3218 670 3261; x_wconf 84' lang='lat' dir='ltr'>xv,</span> <span class='ocrx_word' id='word_1_209' title='bbox 688 3206 773 3252; x_wconf 82' lang='lat'>11-32.</span> <span class='ocrx_word' id='word_1_210' title='bbox 880 3221 894 3244; x_wconf 71' lang='lat' dir='ltr'>o</span> 
     </span>
    </p>
   </div>
   <div class='ocr_carea' id='block_1_6' title="bbox 0 0 1180 4020">
    <p class='ocr_par' dir='ltr' id='par_1_7' title="bbox 0 0 1180 4020">
     <span class='ocr_line' id='line_1_31' title="bbox 0 0 1180 4020; baseline 0 0"><span class='ocrx_word' id='word_1_211' title='bbox 0 0 1180 4020; x_wconf 95' lang='lat' dir='ltr'> </span> 
     </span>
    </p>
   </div>
  </div>
 </body>
</html>
