2384 4052
350 409 599 460 CONFESSIONUM
616 412 711 459 LIBER
728 413 761 458 tt.
881 416 930 462 305

173 525 234 589 que
251 511 328 569 enim
349 528 511 568 amaremus
531 528 593 566 eam
614 510 668 566 nisi
689 527 844 567 nossemus.
868 513 930 568 Au—

174 601 271 659 dimus
297 619 403 658 nomen
425 598 499 669 hoc,
512 611 539 655 et
562 617 623 655 rem
643 600 736 676 ipsam
754 615 852 655 omnes
879 617 930 656 nos

174 701 313 769 appetere
326 689 464 759 fatemur3
478 707 537 744 non
554 688 630 747 enim
652 707 722 746 sono
744 687 928 745 delectamur.

174 783 248 838 Nam
267 779 324 835 hoc
346 796 412 834 cum
432 776 520 834 latine
534 776 615 835 audit
629 777 748 836 Graecus
758 819 767 849 ,
777 795 835 834 non
852 774 931 834 dele-

175 878 278 939 ctatur,
290 867 359 944 quia
372 867 485 944 ignorat
497 865 568 943 qnid
583 865 691 924 dictum
704 865 756 938 sit3
767 883 819 924 nos
833 878 929 924 autem

174 955 367 1027 delectamur,
386 956 461 1012 sicut
479 955 566 1018 etiam
585 954 633 1012 ille
651 955 674 1012 si
690 973 783 1031 graece
799 953 856 1012 hoc
874 973 942 1028 aug

175 1044 262 1104 dierit
276 1067 283 1103 ε
298 1046 435 1123 quoniam
454 1064 500 1102 res
513 1046 576 1122 ipsa
596 1065 649 1104 nec
661 1064 758 1122 graeca
771 1064 825 1103 nec
842 1045 929 1105 latina

175 1149 233 1208 est,
246 1137 293 1194 cui
311 1135 504 1213 adipiscendae
524 1137 619 1194 Graeci
631 1137 784 1213 Latinique
803 1136 928 1208 inhiant,

175 1234 402 1303 c'aeterarumque
428 1225 592 1302 linguarum
622 1225 761 1306 homines.
787 1229 862 1283 Nota
887 1239 929 1284 est

173 1317 261 1393 igitur
271 1315 414 1386 omnibus,
426 1317 477 1393 qui
489 1336 545 1375 una
558 1336 631 1374 voce
644 1317 669 1374 si
677 1317 850 1394 interrogari
861 1337 929 1394 pos-

174 1416 251 1476 sent,
265 1403 454 1470 utrnmbeati
468 1424 529 1463 esse
542 1405 664 1477 vellent,
685 1406 747 1464 sine
764 1407 823 1463 ulla
838 1404 927 1463 dubi-

174 1495 290 1567 tatione,
308 1495 383 1552 velte
407 1493 623 1572 responderent.
640 1494 725 1568 Quod
749 1515 807 1552 non
833 1496 926 1564 fieret,

174 1584 228 1642 nisi
242 1604 287 1642 res
300 1585 363 1663 ipsa
378 1583 459 1660 cujus
478 1586 535 1642 hoc
548 1604 654 1644 nornen
672 1596 729 1657 est,
744 1603 844 1642 eorum
871 1603 928 1641 me-

174 1675 266 1732 moria
290 1685 442 1732 tenereuu.

397 1866 399 1870 -
426 1823 559 1890 CAPUT
580 1823 664 1891 XXI.

259 1979 386 2042 Quomodo
396 1978 510 2029 memoria
523 1978 618 2028 beatam
633 1978 706 2028 vitam
719 1978 834 2028 continet.

211 2128 258 2185 30.
280 2127 428 2204 Numquid
452 2128 491 2186 ita
515 2142 548 2186 nt
570 2128 701 2188 meminit
724 2127 921 2204 Carthaginem

170 2220 221 2296 qui
239 2217 409 2276 vidithon
424 2238 430 2272 ι
446 2218 506 2276 vita
526 2219 603 2277 enim
623 2217 709 2276 beata
726 2236 784 2274 non
809 2213 923 2274 videtur
1005 2252 1008 2257 ·

169 2309 345 2384 oculis,quia
359 2327 416 2364 non
430 2321 472 2366 est
486 2329 602 2387 corpus.
619 2306 766 2385 Numquid
780 2307 854 2365 sicut
865 2327 923 2365 rne-

170 2398 303 2456 minimus
323 2399 553 2456 numerosiNon
568 2419 575 2455 :
592 2398 647 2456 hos
669 2398 745 2456 enim
765 2397 816 2474 qui
834 2394 922 2453 habet

167 2488 198 2544 in
217 2488 330 2558 notitia,
352 2507 410 2544 non
431 2487 526 2545 adhuc
550 2487 652 2565 quaerit
672 2487 810 2564 adipisci3
831 2486 920 2543 vitam

167 2596 240 2648 ¹vero
253 2575 367 2634 beatam
379 2574 520 2633 habemus
532 2578 563 2633 in
574 2578 691 2646 notitia,
705 2576 830 2652 ideoque
844 2593 922 2631 ama-

169 2685 233 2723 mus
247 2686 325 2737 eam,
341 2678 368 2724 et
387 2678 482 2722 tamen
500 2666 596 2722 adhuc
608 2665 729 2741 adipisci
747 2683 811 2721 eam
835 2664 921 2721 volu-

169 2773 232 2811 mus
244 2766 277 2810 ut
291 2754 368 2812 beati
381 2755 478 2812 simus.
493 2751 641 2827 Numquid
656 2752 729 2808 sicut
740 2751 921 2810 meminimus

170 2842 379 2917 eloquentiam?
392 2847 457 2900 Non
472 2864 479 2898 ι
493 2841 626 2919 quamvis
648 2842 723 2898 eninr
737 2840 793 2898 hoc
806 2843 921 2900 nomine

170 2928 270 3016 audito
290 2934 476 2992 recordentur
493 2935 585 3010 lpsam
604 2950 666 2990 rem
682 2932 732 3010 qui
747 2931 832 2991 etiam
846 2952 920 2990 non-

171 3021 240 3079 dum
260 3034 326 3080 sunt
348 3026 526 3101 eloquentes,
542 3023 684 3100 multique
701 3041 762 3081 esse
788 3024 920 3100 cupiant,

103 3121 106 3127 '
170 3112 248 3173 nude
262 3126 382 3192 apparet
395 3133 457 3172 eam
472 3134 533 3172 esse
544 3115 574 3172 in
585 3133 684 3174 eorum
697 3113 812 3185 notitia,
826 3125 920 3172 tamen

765 3219 797 3264 26
