2354 4034
240 423 292 470 476
429 421 455 470 S.
473 418 651 470 AUGUSTINI
665 419 812 470 briucort

234 521 341 584 belluis
356 533 384 582 ct
398 520 515 582 alitibus
535 519 733 593 fecundatam,
746 519 828 597 quod
839 519 913 578 aeris
929 540 997 580 cor-

235 614 380 690 pulentia,
393 633 458 692 quae
477 615 591 672 volatus
611 612 709 672 avium
727 623 840 690 portat,
854 631 997 688 aquarum

235 704 420 764 exhalatione
440 703 609 763 concrescit.
629 703 770 763 Videmus
791 702 912 761 terrenis
933 702 997 760 ani-

235 792 362 852 malibus
383 794 489 853 laciem
512 807 596 852 terrae
620 792 770 865 decorari;
790 791 999 870 hominemque

236 885 273 944 ad
298 885 454 965 imaginem
481 897 510 944 et
534 884 754 943 similitudinem
779 897 859 944 tuam
884 885 999 944 cunctis

234 975 486 1036 irrationabilibus
504 975 701 1035 animantibus
719 977 784 1054 ipsa
803 987 853 1034 tua
872 975 998 1056 imagine

236 1087 269 1126 ac
281 1066 484 1141 similitudine,
500 1067 557 1124 hoc
573 1078 617 1124 est
632 1066 750 1124 rationis
762 1079 792 1126 et
802 1065 999 1144 intelligentiae

235 1159 362 1230 virtute,
387 1157 529 1235 praeponi.
552 1160 589 1214 Et
611 1157 858 1235 quemadmodum
880 1157 911 1215 in
934 1157 999 1236 ejus

236 1249 333 1307 anima
354 1247 435 1306 aliud
456 1246 601 1323 estquod
622 1246 800 1306 consulendo
820 1247 1000 1328 dominatur,

237 1338 318 1398 aliud
334 1337 416 1416 quod
433 1336 570 1396 subditur
592 1348 633 1394 ut·
643 1335 828 1416 obtemperet
846 1360 854 1395 :
872 1339 914 1398 sic
931 1339 999 1398 viro

236 1431 343 1488 factam
365 1448 427 1488 esse
447 1429 534 1487 etiam
552 1429 745 1505 corporaliter
761 1427 914 1502 seminam,
927 1450 1000 1508 quae

234 1519 358 1580 haberet
371 1520 491 1599 quidem
509 1521 539 1578 in
556 1532 653 1579 mente
669 1521 819 1580 rationalis
833 1520 1000 1602 intelligen-

235 1611 281 1670 tiae
300 1631 402 1690 parem
422 1624 574 1684 naturam;
593 1631 665 1670 sexu
688 1622 783 1670 tamen
805 1611 999 1690 corporisita

235 1703 395 1762 masculino
417 1704 500 1762 sexui
522 1701 727 1780 subjiceretur,
748 1703 998 1782 quemadmodum

234 1785 555 1874 subjiciturappetitus
573 1794 696 1854 actionis
716 1793 753 1856 ad
774 1787 998 1874 concipiendam

162 1877 167 1886 ’
235 1886 272 1944 de
286 1887 397 1946 ratione
412 1885 515 1946 mentis
530 1897 609 1945 recte
623 1881 726 1966 agendi
740 1884 898 1946 solertiam.
910 1884 999 1946 Vide-

235 1997 299 2036 mus
313 1978 375 2036 haec
388 1991 417 2037 et
431 1978 544 2056 singula
555 1975 647 2051 bona,
661 1989 690 2035 et
704 1976 890 2046 omniabona
901 1976 999 2038 valde.

459 2145 594 2210 curun
614 2142 794 2209 xxxnn
862 2111 864 2114 ’

316 2295 404 2348 Omnia
415 2295 445 2345 de
458 2294 536 2344 nihilo
549 2294 600 2345 sive
615 2295 646 2344 de
662 2303 789 2346 concreata
801 2295 912 2346 materie.

274 2437 322 2494 48.
339 2434 472 2495 Laudent
482 2448 517 2516 ³te
531 2455 622 2515 opera
637 2448 701 2509 tua,
716 2450 750 2497 ut
763 2457 893 2497 ememus
907 2452 953 2511 te,
968 2452 998 2498 et

232 2547 362 2590 amemus
386 2540 414 2586 te
427 2527 454 2600 *,
474 2539 518 2587 ut.
532 2527 652 2585 laudent
675 2540 704 2586 te
730 2543 908 2607 operatua,
930 2551 997 2608 quae

231 2617 342 2678 habent
360 2619 476 2678 initium
495 2632 524 2678 et
540 2619 627 2676 finem
642 2639 679 2678 ex
695 2631 843 2697 tempore,
855 2633 953 2680 ortum
967 2634 999 2680 et

232 2729 383 2782 occasum,
402 2711 617 2789 proiectum-et
636 2709 798 2782 desectum,
814 2710 943 2789 speciem
965 2723 996 2769 et

231 2801 436 2877 privationem.
453 2800 570 2861 Habent
589 2821 659 2880 ergo
681 2791 889 2878 consequentia
910 2821 995 2863 mane

231 2905 259 2948 et
271 2909 422 2969 vesperam
431 2935 440 2966 ,
450 2893 558 2970 partim
568 2895 702 2964 latenter,
714 2892 821 2970 partim
833 2892 993 2952 evidenter.

230 2987 274 3040 De
289 2983 381 3041 nihilo
392 2985 470 3044 enim
483 2997 555 3057 ate,
568 3005 626 3044 non
642 2984 678 3042 de
694 2996 721 3042 te
736 2984 813 3042 lacta
831 2997 914 3058 sunt,
935 3005 995 3045 non
1029 3039 1031 3044 .

230 3072 267 3130 de
284 3073 381 3151 aliqua
398 3093 456 3130 non
474 3073 561 3146 tua*,
578 3073 624 3132 vel
642 3091 707 3150 quae
724 3085 809 3130 antea
828 3073 1000 3150 luerit,sed

230 3164 266 3222 de
279 3177 445 3237 concreata,
460 3164 492 3224 id
506 3176 549 3224 est
568 3165 654 3224 simul
669 3185 687 3224 a
701 3176 728 3224 te
744 3176 842 3223 creata
856 3164 994 3236 materia3
