2316 4020
273 472 322 520 110
455 471 480 520 S.
498 468 678 519 AUGUSTINI
695 467 837 518 urlscort

270 570 400 629 lucidum
421 581 450 626 et
459 641 461 646 ,
470 568 654 640 immensum,
669 580 699 626 et
712 585 765 645 ego
784 567 907 626 frustum
922 565 959 626 de'
972 568 1032 628 illo

269 659 413 738 corpore?
426 657 521 716 Nimia
532 657 724 735 perversitas!
737 656 788 714 sed
802 657 843 715 sic
864 675 952 714 eram.
965 663 1029 718 Nec

269 747 425 818 erubesco,
440 751 520 806 Deus
535 765 631 817 meus,
648 747 785 819 confiteri
795 744 850 802 tibi
862 745 893 802 in
902 765 955 804 ⁴me
968 747 1030 805 mi-

269 835 442 894 sericordias
454 847 533 905 tuos,
544 846 573 891 et
585 834 722 892 invocare
732 846 776 907 te,
788 835 840 910 qui
850 849 909 892 non
919 834 1028 895 erubui

270 939 340 984 tunc
353 923 486 1001 profiteri
501 918 669 980 hominibus
682 920 878 999 blasphemias
891 937 1029 995 meas,·et

270 1015 376 1074 latrare
388 1012 542 1072 adversum
555 1023 593 1068 te.
606 1011 685 1084 Quid
696 1030 766 1088 crgo
777 1011 849 1069 mihi
861 1024 928 1070 tunc
939 1013 1041 1090 prod·'

270 1114 334 1161 erat
346 1103 493 1180 ingenium
505 1119 559 1178 per
568 1099 634 1158 illas
647 1099 793 1162 doctrinas
804 1101 892 1177 agile,
904 1113 933 1158 et
945 1103 1029 1162 nullo

270 1192 448 1252 adminiculo
468 1190 588 1260 humani
607 1191 767 1270 magisterii
788 1203 831 1250 tot
845 1192 1029 1250 nodosissimi

270 1282 338 1340 libri
353 1282 482 1355 enodati,
497 1301 563 1342 oum
579 1280 749 1340 deformiter
763 1294 794 1340 et
808 1283 947 1360 sacrilega
961 1287 1027 1341 tur-

269 1373 402 1452 pitudine
430 1376 462 1432 in
488 1373 620 1432 doctrina
651 1374 767 1451 pietatis
795 1375 942 1432 errarem?
969 1378 1029 1432 Aut

271 1464 343 1542 quid
356 1477 468 1524 tautum
484 1464 589 1524 oberat
601 1465 732 1542 parvulis
751 1464 806 1522 tuis
820 1465 905 1542 longe
919 1463 1029 1524 tardius

271 1555 435 1632 ingenium,
452 1575 551 1613 cuma
570 1567 599 1612 te
613 1549 699 1632 longe
720 1573 778 1612 non
795 1554 981 1627 recederent,
994 1567 1029 1614 ut

162 1637 170 1646 ’
270 1644 303 1701 in
315 1644 385 1702 nido
400 1645 535 1704 Ecclesiae
550 1657 607 1703 tuae
622 1645 676 1703 tuti
688 1645 916 1722 plumescerent,
930 1657 960 1702 et
970 1645 1029 1703 alas

271 1734 421 1794 charitatis
434 1735 572 1794 alimento
585 1755 662 1794 sanae
676 1734 744 1792 fidei
757 1733 919 1816 nutrirent?
932 1737 957 1792 Ο
968 1738 1029 1792 Do-

273 1823 366 1895 mine,
375 1829 454 1906 Deus
465 1835 574 1897 noster,
581 1824 611 1880 in
618 1823 782 1886 velamento
791 1824 902 1880 alarum
914 1834 1028 1880 tuarum

273 1934 422 1994 speremus
438 1923 462 1987 ¹3
478 1928 512 1974 et
530 1927 650 1993 protege
669 1935 734 1987 nos,
754 1926 784 1972 et
800 1925 887 1991 porta
905 1933 967 1972 uos.
987 1917 1029 1972 Tu

273 2003 405 2082 portabis
419 2016 447 2064 et
461 2006 615 2082 paruulos,
627 2017 656 2062 et
666 2023 759 2081 usque
769 2003 806 2061 ad
821 2023 908 2062 canos
919 2015 951 2061 tu
960 2023 1030 2082 por·
1079 1991 1085 2000 ⁸

275 2091 352 2152 tabis
365 2101 376 2127 ²
390 2114 397 2149 z
413 2092 551 2169 quoniam
564 2092 685 2150 firmitas
698 2104 798 2150 nostra
812 2092 930 2170 qnando
941 2105 973 2151 tu
989 2113 1030 2166 es,

275 2194 345 2240 tunc
361 2193 404 2239 cst
417 2181 551 2253 firmitas,
561 2201 630 2240 cum
648 2194 745 2240 autem
759 2193 857 2241 nostra
875 2189 931 2256 est,
946 2184 1030 2242 infir-

274 2271 360 2328 mitas
380 2282 433 2329 est.
448 2271 532 2354 'Vivit
553 2271 631 2348 apud
652 2284 680 2329 te
705 2292 821 2350 semper
842 2271 952 2332 bonum
976 2293 1030 2332 no-

275 2351 385 2430 strum,
409 2371 440 2416 et
462 2358 532 2435 quia
553 2357 624 2417 iude'
647 2361 743 2420 aversi
763 2379 880 2433 sumus,
901 2365 1030 2438 perversi

276 2469 384 2508 sumus.
397 2454 590 2508 Revertamur
600 2449 672 2527 jam,
682 2451 821 2522 Domine,
835 2445 941 2510 ut‘non
952 2467 1042 2512 ever-'

276 2551 387 2611 tamum
407 2539 475 2615 quia
495 2538 570 2596 vivit
590 2538 669 2616 apud
693 2551 722 2597 tc
746 2539 807 2596 sine
829 2539 891 2598 ullo
916 2540 1031 2601 delectu

276 2629 388 2688 bonum
403 2641 551 2702 nostrum,
570 2630 650 2707 quod
670 2641 702 2687 tu
721 2629 784 2707 ipse
802 2649 833 2689 es
849 2650 856 2687 :
874 2641 903 2688 et
920 2650 979 2690 nou
992 2632 1031 2690 ti-

276 2718 412 2778 memus*
433 2739 471 2778 ne
493 2738 551 2776 non
569 2720 606 2778 sit
624 2739 682 2796 quo
702 2718 868 2793 redeamus,
887 2721 957 2798 quia
979 2742 1032 2782 nos

276 2809 344 2867 inde
357 2810 482 2881 ruimus3
501 2807 585 2868 nobis
603 2823 699 2868 autem
716 2809 885 2870 absentibus
899 2831 959 2870 non
973 2813 1031 2871 ruit

278 2898 381 2958 domus
401 2899 665 2960 uostra'aeternitas
687 2912 746 2959 tua.
882 2905 885 2912 '
918 2908 923 2915 '

240 3128 242 3136 y
315 3062 323 3086 ¹
336 3053 397 3106 Psal.
410 3069 475 3114 nnn,
488 3058 512 3105 8.
524 3063 582 3095 ,a
596 3057 651 3110 lsai.
664 3074 735 3119 xnrr,
750 3061 775 3109 4.
