2354 4034
351 477 604 528 CONFESSIONUM
621 481 717 530 LIBER
735 482 805 528 xm.
910 483 960 529 463

199 578 305 638 ctionis
315 579 429 638 homini
440 579 562 657 proprio
571 582 698 640 voluisse
708 582 825 661 largiri3
839 580 894 640 nisi
904 583 961 641 hoc

201 671 289 730 modo
308 671 507 735 benedixisses
530 673 624 749 pisces
645 686 675 732 et
692 684 771 732 cetos
794 686 828 732 ut
849 694 963 732 cresce-

201 775 280 833 rent,
298 775 327 821 et
349 763 627 840 multiplicarentur,
646 777 683 830 et¹
696 764 852 842 implerent
871 785 961 842 aquas

201 856 303 926 maris,
321 847 353 912 et
368 854 498 913 volatilia
517 857 783 934 multiplicarentur
799 875 888 934 super
904 869 963 913 ter-

202 965 273 1004 ram.
293 951 367 1005 Item
388 943 516 1005 dicerem
535 947 573 1005 ad
593 968 628 1006 ea
648 967 746 1008 rerum
767 967 873 1026 genero
893 967 963 1024 per-

202 1039 293 1098 tinere
311 1037 548 1098 benedictionem
569 1039 658 1113 hanc,
675 1061 740 1118 qua
759 1040 905 1119 gignendo
926 1059 975 1124 en¹

170 1157 173 1164 ·
199 1132 363 1210 semetipsis
389 1145 606 1210 propagantem
625 1133 650 1190 si
663 1151 728 1190 eam
751 1133 910 1211 reperirem
931 1134 963 1190 in

200 1219 346 1295 arbustis,
372 1236 403 1282 et
426 1223 542 1282 frutetis
559 1225 597 1282 Jet
624 1223 654 1282 in
684 1223 841 1302 pecoribus
868 1237 961 1302 terres.

201 1317 283 1370 Nunc
304 1326 402 1372 autem
422 1335 477 1373 neo
499 1313 599 1373 herbis
619 1327 648 1373 et
666 1314 752 1392 lignis
772 1306 882 1374 dictum
904 1327 961 1384 est,

201 1421 254 1460 nec
278 1404 379 1463 bestiis
405 1418 435 1462 et
455 1403 658 1482 serpentibus,
683 1407 806 1462 Crescite
830 1421 859 1462 ct
885 1409 961 1462 mol-

200 1487 394 1568 optematum
418 1515 485 1552 cum
512 1495 575 1552 baec
599 1515 717 1571 quoque
749 1496 859 1568 omnia,
887 1497 963 1555 sicut

201 1585 296 1660 pisces
317 1597 347 1642 et
367 1605 434 1643 eves
456 1585 639 1642 etvhomines
660 1584 807 1662 gignendo
832 1585 962 1662 augean—

119 1682 121 1685 ’
203 1685 260 1744 tur,
281 1693 432 1752 genusque
453 1674 629 1734 custodiant.

242 1763 291 1822 36.
303 1764 383 1840 Quid
396 1766 485 1844 igitur
495 1765 605 1836 dicam,
616 1766 714 1823 lumen
725 1780 822 1823 meum
833 1764 964 1824 Veritas?

200 1853 270 1932 qnia
289 1869 374 1914 vacet
391 1856 462 1927 hoc,
477 1856 547 1934 quia
565 1857 692 1916 inaniter
713 1855 881 1932 itassdictum
900 1858 964 1914 est?

202 1953 407 2024 Nequaquam,
421 1951 507 2004 Pater
517 1946 657 2024 'pietalis3
672 1946 748 2006 absit
764 1958 796 2004 ut
812 1947 869 2005 hoc
884 1945 964 2004 dicet

199 2052 302 2097 servus
318 2038 476 2100 Verbitui.
493 2039 571 2096 Etsi
589 2057 644 2116 ego
663 2029 722 2096 non
739 2037 869 2115 intelligo
889 2037 963 2114 quid

201 2122 257 2187 hoc
273 2130 391 2207 eloquio
409 2127 567 2207 significes,
582 2142 702 2188 utantur
721 2149 756 2187 eo
772 2128 877 2192 melius
896 2147 961 2187 me-

202 2222 304 2294 liores,
326 2221 416 2280 idest
438 2220 679 2298 intelligentiores
700 2240 788 2298 quarn
805 2239 861 2296 ego
879 2235 960 2289 sum,

200 2315 359 2391 unicuique
375 2325 518 2390 quantum
532 2331 634 2390 sapere
651 2313 769 2386 dedisti,
780 2317 860 2371 Deus
870 2331 961 2370 meus.

200 2405 314 2463 Placeat
341 2416 438 2462 autem
457 2416 485 2462 et
504 2403 647 2463 confessio
667 2425 732 2462 mea
754 2423 856 2463 coram
870 2404 962 2462 oculis

201 2497 272 2568 tuis,
286 2499 344 2573 qua
363 2494 417 2553 tibi
438 2495 579 2552 confiteor
601 2494 721 2552 credere
739 2515 802 2565 me,
822 2495 964 2563 Domine,

201 2605 259 2644 non
271 2587 417 2650 incassum
433 2586 514 2644 teitu
526 2587 657 2643 locutum
668 2605 730 2643 esse
738 2605 855 2661 ,neque
869 2583 961 2642 silebo

200 2677 281 2754 quod
294 2669 367 2736 mibi
383 2676 516 2734 lectionis
530 2676 618 2754 hujus
633 2675 748 2735 occasio
756 2676 896 2753 ‘suggerit
909 2680 964 2733 Ve-

201 2770 265 2827 rum
281 2781 325 2827 est
335 2767 431 2839 enim,
445 2785 499 2825 neo
512 2766 600 2824 video
613 2766 686 2844 ¹quid
702 2765 844 2845 impediat
861 2767 901 2824 ita
915 2786 962 2824 me

201 2853 309 2918 sentire
324 2858 405 2917 dictu
422 2859 546 2936 figurato
567 2857 711 2916 librorum
734 2870 860 2917 tuorum.
886 2858 962 2916 Novi

201 2949 280 3008 euim
292 2943 493 3029 multipliciter
510 2950 663 3028 significari
675 2969 728 3028 per
745 2967 865 3028 eorpus,
880 2951 961 3027 quod

201 3058 260 3100 uno
277 3042 365 3100 modo
386 3053 483 3101 mente
500 3042 689 3120 intelligitur3
709 3054 737 3100 et
758 3041 961 3119 multipliciter

201 3147 297 3193 mente
321 3134 458 3212 intelligi,
477 3135 558 3212 quod
581 3155 640 3208 uno
664 3133 752 3192 modo
776 3154 830 3212 per
853 3153 960 3211 corpus

137 3295 140 3301 ¹
198 3225 385 3306 significatur.
402 3229 476 3285 Ecce
495 3225 618 3304 simplex
636 3224 754 3284 dilectio
770 3224 826 3284 Dei
842 3236 871 3282 et
889 3243 960 3302 pro-
