2356 4018
319 380 572 431 confessionum
588 381 683 430 um
700 383 756 430 VII.
868 387 917 436 leo

150 481 199 540 illi
219 493 303 560 poter
324 480 396 540 false
417 479 595 551 narraverit3
614 479 727 540 intendi
748 480 917 559 considera-

151 561 266 632 tionim
286 571 318 629 in
333 590 383 632 eos
404 570 457 647 qui
472 568 579 646 gemini
592 583 752 630 nascuntur
767 593 774 629 ι
791 590 917 650 quorum

149 662 292 742 plerique
306 662 348 720 ite
361 673 429 739 post
443 661 569 720 invicem
583 660 747 721 funduntur
766 682 803 720 ex
815 675 918 736 utero,
1015 667 1019 674 '

149 767 187 814 ut
201 773 327 834 pervum
346 753 442 831 ipsum
456 752 597 830 temporis
611 751 810 826 intervallum,
821 773 917 832 quan-

151 845 292 906 tamlibet
309 844 370 904 'vim
387 843 417 901 in
432 862 533 902 rerum
547 849 653 900 netu‘ra
672 842 782 902 habere
801 859 918 906 conteu-

153 935 242 1007 dent,
256 933 353 1011 colligi
373 945 471 994 umen
490 932 617 996 humana
634 931 837 994 observatione
858 955 918 996 nou

153 1024 261 1103 possit,
280 1023 443 1100 litterisque
461 1021 569 1101 signari
587 1022 707 1081 omnino
727 1043 786 1083 non
804 1023 916 1097 valeat,

152 1135 229 1193 quas
253 1113 477 1174 mathematicus
501 1113 687 1190 inspecturus
712 1126 769 1186 est,
793 1127 826 1172 ιιι
847 1134 917 1174 vera

151 1203 334 1283 pnonuntiet
345 1207 383 1260 Et
393 1222 452 1262 nou
466 1215 554 1262 erunt
566 1221 651 1276 veru,
661 1202 729 1280 quia
743 1203 858 1263 easdem
872 1203 918 1262 lit·
996 1277 998 1284 Ι

147 1301 233 1364 teras
250 1291 423 1370 inspiciens,
437 1292 538 1352 cedem
557 1291 661 1352 debuit
679 1291 776 1358 dicere
790 1292 827 1354 de
840 1298 916 1354 Esau

152 1397 183 1442 et
200 1382 315 1454 1Jaeob5
334 1381 463 1440 sednon
481 1381 583 1448 eadem
599 1381 718 1460 utrique
736 1383 913 1454 acciderunt

151 1473 240 1532 Falso
261 1492 333 1552 ergo
351 1471 463 1532 diceuet
481 1495 491 1538 ι
506 1485 557 1532 aut
579 1473 603 1532 si
624 1492 694 1532 vera
716 1472 839 1548 diceret,
856 1495 915 1534 non

153 1561 258 1626 eodem
273 1561 394 1656 Quot,
408 1561 520 1622 etiamsi
535 1562 658 1620 eadem*
671 1563 836 1641 inspiceret.
848 1569 915 1626 Non

152 1672 225 1731 ergo
240 1664 316 1726 arte,
330 1651 382 1710 sed
396 1664 474 1710 sorte
485 1671 556 1711 vera
568 1651 687 1710 diceret.
697 1657 741 1711 Tu
755 1655 845 1726 enim,
856 1661 914 1714 Do-

151 1744 247 1815 mine,
260 1742 419 1821 justissimo
434 1741 602 1802 moderator
618 1739 829 1815 universitatis,
843 1765 914 1804 con-

151 1807 316 1896 sidentibus
350 1835 547 1912 consultisque
573 1833 770 1894 nescientibus
798 1838 913 1897 occulto

135 1917 292 1988 instinctu
311 1925 386 2004 agis,
410 1921 454 1983 ut'
466 1925 539 1984 dum¹
561 1923 684 2004 quisque
705 1926 842 2000 consulit,
856 1927 913 1988 hoc

153 2018 256 2077 audiat
272 2016 353 2095 quod
371 2037 438 2076 eum
453 2029 571 2097 oportet
588 2015 691 2076 audire
707 2017 830 2077 occultis
850 2038 914 2079 me·

151 2108 219 2168 ritis
235 2107 413 2182 animarum,
427 2128 470 2168 ex,
479 2108 586 2186 abysso
594 2108 667 2187 justi
681 2106 787 2186 judieii
797 2110 853 2182 tui,
865 2111 913 2168 cui

153 2219 213 2260 non
235 2199 315 2259 dicet
334 2199 446 2258 homo:
467 2200 545 2276 Quid
565 2212 608 2258 est
624 2199 698 2258 hoel
716 2201 824 2279 utquid
839 2200 913 2262 hoel

152 2286 218 2350 Nou
232 2289 325 2363 dicat,
339 2309 399 2348 non
413 2289 506 2362 dicut3
526 2291 616 2350 homo
630 2301 673 2350 est
686 2290 772 2350 enim.

415 2441 548 2516 CAPUT
569 2455 644 2518 VII.

226 2601 316 2652 Misere
334 2607 461 2666 torquetur
478 2601 605 2669 inquirens
623 2601 689 2652 unde
704 2603 736 2652 sit
750 2603 849 2652 melum.

197 2742 241 2802 ll.
258 2745 437 2823 iam-itaque
450 2765 511 2818 me,
527 2745 646 2823 adjutoc
660 2764 760 2816 meus,
779 2743 838 2804 illis
851 2745 912 2806 vin·

156 2833 227 2898 culis
242 2835 439 2908 solveras,'et
454 2835 621 2913 queercliam
640 2833 718 2894 unde
739 2835 860 2909 melum,
883 2851 912 2896 et

155 2947 212 2986 non
227 2938 291 2986 eret
304 2926 407 2986 exitus.
432 2927 492 3008 Sed¹
504 2928 554 2986 nie'
564 2924 753 2990 noneinebas
772 2927 840 2989 ullis
855 2928 911 2988 flu?

156 3016 250 3078 ctibus
270 3016 454 3096 cogitationis
468 3017 576 3098 auferri
589 3016 632 3096 eli
646 3036 681 3078 ea
697 3015 756 3076 lide
771 3029 830 3094 qua
844 3035 910 3076 cre-

155 3106 260 3169 debam
286 3121 316 3169 et
339 3128 401 3170 esse
424 3121 475 3184 ιε’,Ι
500 3122 528 3167 et
552 3106 910 3184 'esseincommutebilem

452 3211 475 3227 „
513 3222 515 3226 ,
543 3215 547 3220 ,
571 3203 594 3215 ,.
621 3197 633 3208 v·
664 3197 673 3216 ι
771 3211 802 3259 m
