2316 4020
166 475 173 490 ,
256 435 307 484 162
443 429 467 478 S.
487 429 669 480 AUGUSTINI
687 429 831 484 EPISCOPI
894 477 896 484 ,

254 553 362 606 remur,
374 529 568 591 occurrebant
584 529 725 604 tenebrae3
741 547 770 591 et
783 533 1015 600 aversabamur*

253 637 409 705 gementes,
422 635 451 681 et
463 621 648 680 dicebamus:
659 623 807 697 Quamdiu
819 625 899 685 haec?
907 631 944 687 Et
957 631 1016 690 hoc

253 712 361 784 crebro,
371 713 554 786 dicebamus;
569 723 599 771 et
613 711 742 773 dicentes
755 735 814 774 non
825 717 1015 797 relinqueba-

253 827 317 868 mus
330 826 364 864 ea
369 829 377 879 3
392 804 460 883 quia
471 820 531 862 nou
541 801 677 861 elucebat
687 817 799 864 certum
810 807 921 885 aliquid
932 812 1014 890 quod

251 897 308 956 illis·
325 897 434 956 relictis
455 892 751 972 apprehenderemus.
944 901 947 906 '
1019 899 1021 902 '

521 1099 655 1162 CAPUT
676 1099 733 1162 XI.

285 1274 381 1328 Anxius
399 1271 548 1338 Augustinus
566 1270 597 1320 de
612 1269 763 1336 instituenda
779 1271 829 1322 rita
846 1271 975 1324 deliberat.

293 1441 338 1498 18.
354 1445 390 1497 Et
403 1458 457 1517 ego
471 1438 596 1496 maxime
612 1437 755 1510 mirabar,
772 1439 903 1516 satagens
919 1451 947 1496 et
966 1461 1014 1498 re-

251 1533 365 1602 colens,
380 1549 467 1607 quam
483 1531 602 1607 longum
618 1541 733 1606 tempus
749 1527 873 1587 essetab
884 1530 1011 1590 undevi-

250 1621 359 1698 gesimo
369 1637 445 1677 anno
457 1618 548 1677 aetatis
559 1638 647 1691 meae,
661 1639 721 1697 quo
737 1618 850 1680 fervere
863 1639 1011 1698 coeperam

211 1699 215 1706 ’
251 1705 346 1766 studio
361 1705 523 1785 sapientiae3
537 1705 708 1784 disponens,
727 1727 760 1765 ea
777 1709 908 1784 inventa,
921 1711 1012 1769 relin-

250 1819 341 1876 quero
359 1817 459 1857 omnes
471 1817 614 1856 vanarum
629 1797 820 1876 cupiditatum
831 1818 897 1877 spes
910 1801 1012 1859 inanes

250 1901 279 1948 et
291 1890 415 1950 insanias
431 1888 584 1948 mendaces
599 1909 606 1944 ε
620 1900 649 1946 et
662 1906 729 1948 ecce
747 1887 809 1966 jam
826 1889 1011 1949 tricenariam

250 1995 363 2040 aetatem
373 1980 527 2060 gerebam,
540 1979 571 2038 in
585 1979 687 2037 eodem
697 1980 760 2038 luto
773 1979 907 2039 haesitans
918 1982 1011 2040 avidi-

249 2086 309 2134 tate
323 2071 439 2130 fruendi
458 2069 671 2148 praesentibus,
682 2070 861 2150 fugientibus
879 2083 908 2130 et
923 2072 1010 2131 dissi-

247 2162 386 2240 pantibus
404 2181 468 2234 me,
483 2160 553 2218 dum
567 2160 634 2218 dico
650 2183 657 2219 r
672 2163 741 2220 Cras
756 2161 919 2234 inveniam
938 2171 1011 2225 ecc!

248 2253 432 2310 manifestum
450 2248 620 2329 apparebit,
640 2265 669 2310 et
685 2251 791 2312 tenebo
812 2275 818 2308 :
839 2271 908 2311 ecce
930 2257 1009 2313 Fau-

248 2353 308 2402 stus
317 2341 424 2413 veniet,
434 2353 463 2398 et
472 2351 599 2418 exponet
608 2340 714 2399 omnia.
726 2344 751 2399 0
761 2342 858 2420 magni
869 2342 925 2400 viri
934 2346 1009 2401 Aca-

248 2430 368 2489 demici!
383 2429 455 2490 nihil
468 2429 505 2488 ad
521 2429 661 2508 agendam
675 2429 765 2489 vitam
782 2434 854 2490 certi
868 2453 1007 2512 compre-

157 2525 159 2530 ’
247 2521 336 2581 hendi
345 2533 449 2600 potest.
459 2525 522 2580 Irno
534 2541 698 2600 quaeramus
712 2522 892 2600 diligentius,
902 2537 932 2582 et
945 2545 1006 2583 non

192 2689 194 2694 ,
248 2614 442 2692 desperemus.
458 2617 534 2672 Ecce
544 2611 606 2692 jam
620 2627 679 2672 non
693 2627 760 2672 sunt
769 2614 896 2674 absurda
908 2616 937 2672 in
954 2618 1006 2674 Li-

246 2705 307 2764 bris
324 2703 525 2764 ecclesiasticis
544 2721 609 2781 quae
627 2702 755 2762 absurda
768 2704 1007 2777 videbantur,.et

246 2806 367 2870 possunt
376 2793 460 2852 aliter
469 2805 556 2870 atque
568 2793 689 2851 honeste
698 2793 829 2872 intelligi.
840 2795 939 2873 Figam
949 2815 1005 2874 pe-

245 2883 296 2942 des
307 2886 336 2942 in
348 2905 383 2942 eo
395 2884 488 2962 gradu
503 2886 532 2943 in
548 2903 606 2962 quo
621 2904 697 2963 puer
709 2905 726 2942 a
738 2885 908 2963 parentibus
922 2889 1004 2965 posi—

245 2985 401 3046 tuse'ram,
415 2973 508 3034 donec
523 2973 689 3034 inveniatur
706 2976 863 3055 perspicua
883 2977 1002 3037 veritas.

244 3067 300 3125 Sed
314 3066 366 3124 ubi
379 3069 546 3143 quaeretur?
559 3067 677 3146 quando
692 3072 855 3146 quaeretur?
867 3073 932 3128 Non
948 3092 1002 3129 va-

203 3231 205 3236 ·
244 3171 290 3216 cat
303 3156 475 3231 Ambrosio,
489 3173 553 3216 nou
563 3171 654 3218 vacat
664 3161 768 3238 legere.
785 3159 843 3220 Ubi
857 3161 935 3238 ipsos
950 3184 1002 3221 co.-
