2354 4034
147 481 595 594 ludusa-uhtu
623 484 939 646 Anulum,

462 709 465 712 ’
516 728 581 766 srva

483 775 496 796 0
644 793 647 802 .

193 895 484 962 cuMPENulusa
506 894 537 956 S.
553 895 785 962 AUGUSTINI
802 901 903 982 VITA

366 1097 420 1130 mibi
439 1095 490 1130 S'Uls
509 1092 636 1150 ΑΜΟΕΌΜΙ
654 1097 735 1132 NOTIS.

467 1263 632 1288 dm·-

201 1473 250 1511 mm
409 1411 552 1480 reserauit
573 1444 668 1483 FACTA.

177 1519 220 1557 AEr.
232 1516 269 1556 vul
286 1543 291 1552 .

196 1584 255 1631 354.
271 1527 422 1641 gAugustinus
443 1575 568 1640 Thagaste
584 1575 709 1635 nascitur,
730 1557 933 1648 Pauteiolpsuffi

319 1665 394 1706 matre
405 1655 534 1716 Monnica,
545 1652 583 1703 die
598 1655 691 1706 decima
702 1657 774 1708 tertia
785 1662 933 1722 novembris3

320 1743 344 1786 et
355 1736 489 1802 paulopost
500 1733 680 1786 catechumenis
692 1737 828 1790 ascribitur.
904 1752 906 1756 ·

198 1824 257 1870 370.
278 1821 378 1868 Sextum
398 1815 518 1866 decimum
537 1815 612 1864 atatis
632 1832 723 1866 annum
744 1834 830 1884 agens,
851 1820 935 1872 studiis

283 1955 286 1962 Δ
321 1894 479 1956 intermissis,
494 1912 525 1945 ex
538 1899 587 1944 otio
600 1895 626 1944 in
643 1895 761 1948 luxuriam
771 1897 862 1949 incidit.
874 1885 935 1951 Mca

321 1975 466 2043 Carthagine
481 1975 578 2026 studens
591 1976 725 2037 rhetorice,
739 1978 860 2030 libidinosi
871 1997 936 2032 amo-

323 2056 356 2107 ris
368 2058 454 2128 laqueo
461 2051 582 2114 irretitur,

200 2143 260 2188 371.
280 2137 395 2190 Patricius
415 2135 530 2197 moritur,
544 2146 569 2188 et
584 2137 734 2211 Augustinus
750 2147 820 2204 patre
840 2141 937 2191 orbatus

323 2215 395 2269 alitur
417 2217 561 2284 Carthagine
583 2217 719 2286 sumptibus
742 2205 824 2270 matris
844 2229 868 2270 et
891 2237 938 2286 cpe

323 2296 478 2348 Romaniani.
860 2334 864 2338 -

204 2381 261 2427 ³72.
281 2379 343 2427 Cum
357 2377 491 2446 secundum
509 2375 654 2442 Carthagine
672 2392 762 2426 annum
781 2377 894 2444 degeret,
910 2377 939 2428 t-

323 2456 383 2518 lium
392 2455 544 2508 Adeodatum
557 2474 587 2506 ex
600 2453 735 2506 concubina
744 2448 850 2524 suseipll.

203 2540 261 2586 ³74.
282 2540 311 2584 In
323 2535 512 2586 Manichaeomm
530 2535 642 2585 haeresim
654 2533 760 2594 labitur,
772 2545 796 2587 ct
807 2537 941 2604 compluas

254 2639 257 2644 ·
326 2630 357 2663 ex
375 2613 534 2664 familiaribus
550 2615 600 2662 suis
613 2615 640 2662 in
658 2625 712 2662 eam
726 2611 818 2680 pellicit
836 2630 843 2662 ε
860 2629 941 2664 casum

326 2696 378 2761 ejus
389 2693 463 2744 delict
475 2695 605 2756 Mennica,
620 2702 644 2742 et
655 2691 761 2758 reditum
773 2689 862 2760 sperat.

206 2783 263 2830 376.
284 2775 433 2844 Aliquandiu
449 2771 575 2840 Thagaste
592 2773 773 2864 prammaticam
791 2775 880 2825 docet:
900 2776 942 2828 sed

327 2872 384 2905 mox
407 2853 469 2904 redit
490 2853 672 2919 Carthaginem,
692 2863 717 2902 et
738 2853 773 2904 ibi
797 2855 942 2905 rhetoricatur

318 2937 462 3004 'prutitetun
477 2941 538 2987 Cum
556 2934 591 2985 illi
609 2935 720 2986 theatrici
737 2937 848 2988 carminis
866 2947 943 2990 certa·

330 3035 385 3068 rnen
405 3017 466 3068 inire
484 3017 626 3087 placuisset,
647 3017 753 3084 palmam
769 3013 832 3071 tull-t}
915 3066 920 3079 ,

208 3105 267 3152 379.
287 3098 428 3166 Astrologhe
441 3097 543 3165 nimium¹
554 3097 672 3160 tribuens,
684 3099 799 3166 paulatim
809 3101 840 3152 ab
850 3116 878 3150 ea
887 3116 944 3149 aro-

331 3189 405 3229 catur.
421 3183 457 3230 Dc
466 3177 570 3230 Pulchro
582 3188 608 3228 et
618 3183 684 3250 Apte
696 3179 770 3232 libros
782 3179 873 3250 scribit,

806 3277 836 3322 41
