2354 4034
268 434 320 483 480
356 435 381 484 S.
396 431 577 484 AUGUSTINI
591 433 689 484 ttetsc.
704 433 798 485 CONF.
811 435 871 486 tm.
883 439 953 490 xm.-

474 597 608 664 GAPUT
630 601 816 666 xxxtttt.

383 765 462 816 Aliter
473 769 556 826 Deus,
569 765 639 816 aliter
655 737 728 842 hcmc
742 765 808 818 videt
821 775 911 820 crecta.

307 921 354 982 53.
367 927 425 983 Nos
436 923 604 1002 itaqueista
616 943 682 1002 quae
695 923 788 984 fecisti
799 917 946 1004 videmus,
958 929 1032 1007 quia

266 1029 334 1075 sunt
345 1037 352 1073 τ
364 1029 397 1075 tu
410 1029 507 1074 autem
519 1014 588 1098 quia
601 1015 682 1075 vides
696 1035 745 1090 ea,
756 1029 832 1076 sunt.
845 1022 882 1076 Et
892 1039 945 1078 nos
957 1021 1032 1080 foris

265 1108 398 1167 videmus
417 1108 486 1185 quia
507 1119 588 1180 suut,
606 1120 636 1166 et
654 1107 732 1166 intus
753 1109 824 1186 quia
843 1109 922 1170 bona
939 1125 1030 1170 sunt:

266 1211 298 1256 tu
311 1211 409 1257 autem
423 1197 466 1256 ibi
479 1197 579 1256 vidisti
598 1198 688 1271 facta,
702 1197 755 1256 ubi
767 1199 866 1258 vidisti
884 1201 1030 1262 facienda.

263 1293 300 1346 Et
320 1303 373 1346 nos
389 1288 454 1369 (alio
477 1299 608 1366 tempore
629 1288 702 1349 moti
722 1308 829 1352 sumus,
843 1289 879 1348 ad
903 1289 1030 1351 benefa-

264 1377 413 1452 ciendum,
432 1390 625 1458 posteaquam
639 1380 774 1457 concepit
791 1380 829 1439 de
849 1381 960 1460 Spiritu
977 1395 1030 1443 tuo

264 1489 315 1529 cor
336 1483 486 1542 nostrum
502 1469 602 1549 priore
623 1482 720 1528 autern
739 1481 873 1548 tempore
894 1471 932 1530 ad
952 1471 1029 1532 male

263 1559 428 1619 iaciendum
442 1557 635 1618 movebamur
650 1558 815 1618 deserentes
830 1573 859 1619 te
873 1583 880 1618 ι
896 1574 928 1620 tu
942 1581 1031 1635 vero,

263 1655 343 1709 Deus
366 1667 424 1709 une
446 1650 540 1722 bone,
561 1669 710 1728 nunquam
734 1652 852 1710 cessasti
871 1652 1029 1713 beneface-

263 1755 303 1801 re.
319 1746 355 1800 Et
370 1753 438 1802 sunt
452 1741 586 1820 quaedam
600 1741 678 1800 bona
691 1759 783 1820 opera
795 1745 899 1803 nostra'
908 1761 946 1802 ex
961 1764 1029 1804 mu·

263 1845 332 1891 nere
346 1832 465 1910 quidem
480 1844 541 1906 tuo,
553 1832 603 1892 sed
615 1853 674 1890 non
687 1829 863 1910 sempiterna
874 1857 882 1907 ς
898 1836 1028 1912 postilla

263 1941 315 1981 nos
338 1925 523 2001 requieturos
546 1927 577 1983 in
600 1936 650 1983 tua
673 1924 776 2004 grandi
799 1926 1028 1987 sanctificatione

262 2034 413 2092 speramus
429 2028 479 2074 :tu
493 2028 589 2074 autem
603 2015 714 2074 bouum
729 2015 811 2074 nullo
825 2014 958 2096 indigens
971 2016 1030 2078 bc-

262 2126 315 2180 no,
332 2127 448 2186 semper
462 2109 645 2186 quietus-es3
668 2108 807 2186 quoniam
822 2121 873 2167 tua
893 2108 977 2186 quies
997 2123 1030 2169 tu

261 2198 324 2275 ipse
340 2218 379 2256 es.
395 2202 431 2256 Et
444 2200 501 2258 hoc
518 2193 678 2276 intelligere
697 2200 762 2278 quis
776 2199 928 2259 homiuum
944 2200 1030 2260 dabit

261 2287 397 2348 hoinini?
428 2285 493 2366 q'uis
521 2291 641 2368 angelus
667 2291 792 2370 angelo?
818 2291 884 2368 quis
907 2293 1050 2370 augelus.

261 2377 396 2435 homini?
416 2383 441 2434 A
463 2390 639 2456 repetatur,
657 2379 688 2438 in
709 2392 738 2439 te
759 2391 921 2459 quaeratur‚
942 2381 979 2440 ad
999 2394 1028 2442 te

260 2465 416 2542 pulsetur:
435 2467 493 2539 sic,
515 2467 556 2526 sic
578 2461 754 2547 accipietur,
780 2471 821 2530 sic
844 2471 1028 2546 invenietur,

259 2555 302 2616 sic
321 2558 497 2636 aperietur¹.
520 2564 620 2619 Amen.

298 2728 307 2754 ¹
320 2719 408 2772 Mettlr.
423 2737 472 2784 ru,
488 2729 512 2774 81
