2352 4094
266 417 317 466 394
451 417 475 466 S.
494 417 677 466 attonsum
694 415 838 467 Ertscort

263 516 376 578 habitet
386 518 416 575 in
430 515 519 581 domo
532 503 650 594 tua'per
658 527 759 576 omnes
772 515 833 577 dies
847 517 914 575 vitae
925 529 1007 576 suarx
1024 542 1032 577 :

260 607 318 685 (Et
335 625 401 686 quae
419 608 479 666 vita
494 606 556 684 ejus
573 607 629 666 nisi
643 608 698 666 tui
715 607 811 684 etqui
828 606 891 666 dies
905 607 949 666 tui
968 609 1032 668 nisi

262 697 406 756 aetomitas
422 710 488 769 tua,
501 697 577 756 siout
591 697 658 756 anni
677 697 719 756 tni
732 697 854 774 quinon
870 697 1031 772 deficiunt,

263 788 332 864 quia
344 787 423 846 idom
435 788 498 866 ipse
511 808 541 847 es
551 797 561 824 ¹
572 787 602 868 i)
618 788 686 848 hino
694 807 766 867 ergo
776 789 919 867 intelligat
929 792 1031 850 anima

262 895 328 953 quae
346 891 454 956 potest,
471 897 560 956 quam
577 867 663 958 longo
676 879 876 957 superomnia
891 892 1031 958 tempora

263 969 301 1026 sis
312 982 451 1044 aetemus3
461 969 579 1047 quando
591 982 641 1030 tua
650 971 754 1030 domus
766 991 831 1048 quae
840 973 1030 1050 peregrinata

262 1079 321 1118 nou
337 1073 396 1132 ost,
410 1062 544 1138 quamvis
554 1081 616 1120 non
631 1063 670 1142 sit
682 1060 739 1122 tibi
754 1075 912 1134 ooaeterna,
927 1075 1029 1123 tamen

262 1149 460 1210 indesinenter
485 1163 515 1210 et
538 1151 738 1213 indeficienter
766 1151 821 1212 tibi
848 1153 1035 1212 cohaerendo-

263 1239 372 1300 nullnm
381 1241 495 1318 patitur
515 1242 745 1303 vicissitudinem
763 1257 939 1322 temporum.
960 1250 1026 1303 Hoc

262 1331 293 1387 in
307 1343 467 1409 oonspootu
483 1344 536 1392 tuo
554 1334 647 1393 claret
659 1334 751 1408 mihi,
769 1347 799 1394 et
812 1336 903 1413 magis
918 1336 1027 1413 magis—

262 1438 322 1496 que
335 1420 489 1496 clarescat,
503 1442 557 1482 oro
572 1436 613 1497 te,
630 1437 718 1504 atque
735 1425 767 1484 in
780 1425 836 1484 hnc
853 1426 1026 1485 manifosto·

252 1512 341 1572 'none
360 1514 517 1592 'persistam
537 1514 653 1574 sobrius
671 1517 726 1574 sub
750 1517 803 1574 alis
822 1514 894 1587 ruris.

307 1601 352 1662 14.
370 1608 447 1666 Eooe
464 1605 563 1666 nescio
577 1606 652 1684 quid
669 1606 795 1666 informe
808 1606 838 1664 in
851 1606 914 1664 is'tis
927 1619 1025 1666 muta-

263 1690 396 1756 tionibus
412 1715 519 1756 rerum,
529 1707 728 1755 extremarum
741 1708 829 1774 atque
847 1697 1023 1756 infimarum.

263 1788 300 1844 Et
312 1786 379 1863 quis
390 1785 468 1846 dicat
479 1786 567 1859 mihi,
579 1786 636 1846 nisi
647 1786 779 1864 quisquis
790 1805 844 1865 per
853 1786 950 1845 inania
959 1803 1026 1846 oot-

261 1875 365 1942 dissui
377 1899 445 1942 oum
454 1875 514 1939 suis
523 1875 779 1956 phantasmatibus
787 1890 947 1957 vagaturet
957 1880 1032 1937 vol--

264 1967 361 2046 ritum
372 1973 439 2050 quis
451 1969 508 2032 nisi
522 1968 588 2028 talis
601 1967 679 2028 dioet
689 1966 776 2041 mihi,
791 1967 872 2046 quod
883 1967 1027 2030 diminuta

263 2077 353 2142 atque
367 2073 539 2141 consumpta
549 2060 630 2120 omni
639 2059 737 2139 specie
745 2102 753 2133 ‚
762 2062 788 2120 si
799 2061 862 2120 sola
876 2070 1027 2122 remanent

226 2161 230 2170 '
263 2154 439 2224 informitas,
456 2173 511 2232 per
527 2171 615 2229 quarn
631 2151 823 2229 despectam
840 2149 965 2229 speciem
978 2172 1025 2212 res

265 2245 434 2307 mutabatur
445 2257 475 2302 et
487 2242 673 2313 vertebatur,
689 2242 781 2320 possit
795 2241 934 2302 exhibere
944 2245 1025 2304 vices

267 2335 455 2411 temporum?
479 2333 604 2392 Omnino
628 2331 708 2408 enimv
731 2353 792 2392 non
815 2345 930 2412 potest,
954 2335 1026 2412 quia

266 2425 327 2481 sine
341 2423 480 2482 varietate
494 2423 657 2490 motionum
670 2443 729 2481 non
743 2435 812 2482 sunt
827 2436 959 2502 tempora
972 2445 980 2480 ε
995 2437 1026 2481 ot

266 2512 346 2570 nulla
367 2512 508 2584 varietas,
528 2511 581 2572 ubi
596 2512 677 2572 nulla
692 2514 812 2592 species.

525 2693 667 2768 ,CAPUT
687 2693 762 2757 ΧΗ.

415 2846 532 2894 ereatura
549 2841 638 2909 duplex
656 2857 741 2894 carons
759 2852 876 2910 tempore.
904 2897 906 2903 ,

311 2992 354 3048 15.
382 2991 496 3064 Quibus
526 2991 715 3050 consideratis
742 3004 883 3069 quantum
918 2991 1023 3064 donas,

304 3157 471 3216 smotxxvn
482 3161 506 3206 4.
522 3183 557 3193 -
569 3167 580 3192 ²
594 3157 657 3208 Psai.
668 3174 706 3218 cr,
719 3163 762 3210 28.
