2326 4020
344 491 709 548 CONFESSIONUMLIBER
727 503 759 548 H.
896 509 928 555 53

169 627 173 631 -
209 589 255 647 13.
274 590 348 648 Nam
367 603 396 648 et
414 593 551 670 superbia
563 596 772 670 'celsitudinem'
783 600 928 676 imitatur;

164 699 233 736 cum
249 693 282 738 tu
296 681 337 739 sis
347 702 423 742 unus
436 703 524 761 super
535 687 633 744 omnia
644 692 725 746 Deus
740 693 879 752 excelsus.
893 697 929 752 Et

163 768 287 827 ambitio
308 771 381 847 quid
402 773 458 831 nisi
475 773 606 858 honines⁵
623 778 727 854 quaerit
746 792 774 836 et
791 782 926 859 gloriam3

164 879 235 917 cum
258 872 289 919 tu
311 861 349 920 sis
370 881 431 939 prae
452 865 575 924 cunctis
588 865 776 927 honorandus
799 892 876 932 unus
899 889 928 932 et

166 949 308 1026 gloriosus
329 951 359 1009 in
379 955 541 1014 aeternuml
562 960 598 1015 Et
615 959 725 1018 saevitia
750 972 926 1036 potestatum

167 1038 262 1096 timeri
283 1042 372 1098 vult:
393 1044 458 1120 quis
480 1057 578 1104 autem
602 1047 757 1120 timendus,
778 1051 833 1108 nisi
852 1073 926 1112 unus

162 1133 265 1188 Deus?
282 1130 371 1208 Cujus
389 1135 619 1214 potestatieripi
634 1141 691 1195 aut'
702 1137 834 1198 subtrahi
854 1143 927 1218 quid

160 1223 279 1296 potest?
294 1221 433 1298 quando‚-
445 1237 496 1302 aut
516 1223 584 1298 uhi,
601 1239 652 1283 aut
673 1245 744 1304 quo,
760 1231 806 1286 vel
827 1249 850 1286 a·
865 1250 926 1306 quo

161 1312 351 1398 potest*lEt
364 1310 513 1387 blanditiae
532 1316 744 1376 lascivientium
761 1321 851 1377 amari
866 1340 922 1378 vo-

161 1403 226 1460 lunt
243 1401 427 1480 :sed‘neque
443 1402 580 1465 blandius
596 1419 640 1465 est
662 1408 772 1484 aliquid
787 1421 837 1466 tua
851 1410 923 1468 cha-

160 1491 263 1563 ritate,
279 1513 333 1550 nec
350 1507 463 1552 amatur
478 1495 640 1573 quidquam
656 1497 817 1570 salubrius5
834 1521 922 1577 quam

159 1583 211 1640 illa
233 1585 429 1660 praecuuctis
451 1587 579 1646 formosa
600 1601 629 1646 et
649 1589 792 1648 luminosa
816 1593 924 1650 veritas

161 1683 221 1728 tna.
244 1675 281 1728 Et
306 1673 459 1732 curiositas
484 1677 622 1734 affectare
647 1677 765 1736 videtur
792 1680 921 1738 studium

160 1762 305 1836 scientiae3
320 1784 387 1822 cum
401 1767 434 1822 tu
449 1766 680 1824 omnia-summe.
690 1767 814 1824 noveris.
834 1770 921 1842 Igno-

159 1852 256 1910 rantia
271 1872 389 1930 quoque
402 1854 467 1932 ipsa
481 1868 570 1933 atque
584 1855 714 1926 stultitia,
730 1855 922 1932 simplicitatis

159 1954 189 1999 et
205 1942 380 2002 innocentiae
400 1945 516 2003 nomine
535 1946 643 2024 tegitur
649 1968 658 2019 ;
678 1945 747 2023 quia
763 1957 791 2002 te
809 1945 921 2022 simpli-

159 2032 221 2090 cius
233 2033 394 2110 quidquam
404 2055 463 2094 non
475 2036 631 2114 reperitur.
640 2034 718 2110 Quid
732 2047 760 2093 te
772 2047 868 2093 autem
879 2035 920 2091 in-

158 2122 324 2194 nocentius,
332 2121 570 2202 quando'quidem
581 2144 672 2203 opera
681 2125 759 2183 sua*
773 2123 856 2182 malis
866 2126 921 2183 iui-

158 2204 340 2270 mica'sunt?
358 2218 395 2271 Et
414 2213 529 2292 ignavia
541 2213 623 2291 quasi
639 2215 767 2293 quietem
785 2215 918 2290 appetit:

158 2319 225 2376 quae
245 2319 321 2362 vero
338 2305 421 2380 quies
447 2319 527 2364 certa
544 2317 650 2383 praeter
666 2303 845 2364 'Dominuml
858 2307 919 2362 Lu-

158 2390 245 2447 xuria
262 2392 423 2450 satietatem
443 2406 531 2470 atque
554 2394 760 2452 abundantiam
787 2413 817 2450 se
837 2394 919 2469 cupit

157 2471 277 2536 vocari:
291 2494 320 2538 tu
334 2477 432 2539 autem
445 2501 475 2540 es
486 2482 638 2559 plenitudo
651 2495 680 2540 et
690 2480 858 2539 indeficiens
871 2501 920 2538 co-

157 2568 209 2644 pia
228 2567 459 2646 incorruptibilis
480 2571 638 2629 suavitatis.
657 2570 768 2628 Effusio
792 2569 919 2628 liberali-

159 2658 227 2716 tatis
242 2658 378 2717 obtendit
391 2658 525 2718 umbram
537 2683 544 2717 :
557 2660 608 2718 sed
626 2659 772 2718 bonorum
789 2659 918 2716 omnium

148 2747 279 2824 ¹largitor
303 2748 536 2807 affluentissimus
558 2761 590 2806 tu
612 2769 652 2806 es.
674 2747 804 2806 Avaritia
826 2749 918 2804 multa

157 2836 309 2913 possidere
324 2840 402 2909 vult3
419 2849 448 2896 et
467 2851 498 2896 tu
517 2838 653 2916 possides·
664 2836 769 2894 omnia.
787 2837 918 2894 Inviden-

158 2925 198 2984 tia
212 2926 250 2984 de
267 2928 443 3006 excellentia
454 2928 547 3006 litigat
564 2949 571 2985 ε
587 2927 658 3005 quid
672 2940 700 2984 te
713 2926 919 2985 excellentius?

155 3020 204 3074 Ira
216 3005 377 3076 vindictam
393 3012 514 3099 quaerit':
528 3031 556 3076 te
569 3017 675 3095 justius
689 3022 755 3096 quis
770 3017 918 3074 vindicat?

156 3105 256 3164 Timor
270 3097 388 3166 insolita
407 3120 436 3166 et
453 3109 605 3186 repentina
624 3109 813 3178 exhorrescit,
829 3105 918 3163 rebus

157 3213 221 3272 quae
243 3194 380 3256 amantur
401 3197 598 3270 adversantia,
619 3199 688 3257 dum
708 3197 852 3276 praecavet
872 3203 918 3252 se-
