2394 4010
260 505 311 552 ιιι
420 478 670 554 'sineremur
687 497 831 548 rrrscon

258 599 311 662 nec
319 615 418 678 graecae
430 616 484 655 nec
493 597 588 654 latinae
598 592 736 667 sunt'nec
745 593 825 654 aliud
833 595 1017 673 eloquiorum

259 688 434 794 genum-Vidi
447 688 534 746 litteus
547 685 711 758 fabrorum,
723 686 771 744 vel
785 685 873 749 etiem
885 688 1017 750 tenuissi-

259 803 334 854 mas,
346 781 422 840 sicut
433 779 514 836 iilum
522 792 649 848 araneae3
657 776 713 835 sed
722 777 779 865 illee
789 776 854 835 uliae
863 790 946 850 sunt,
954 797 1016 838 non

259 885 325 931 sunt
335 870 472 947 imagines
485 887 585 939 earum
599 887 671 945 quas
683 867 754 925 mihi
765 868 909 926 nuntiavit
919 866 1017 928 cerni·

260 947 381 1020 oculus:
396 959 477 1017 novit
490 977 537 1016 eas
552 958 682 1034 quisquis
697 957 758 1016 sine
745 929 838 1014 ulla
834 958 1013 1035 eogitatione

259 1053 479 1136 qualiscumque
493 1049 624 1127 corporis
639 1049 715 1106 intus
730 1049 848 1124 agnovit
863 1059 920 1111 ms.
934 1051 1015 1110 Sensi

261 1142 348 1199 etiam
362 1157 498 1198 numeros
510 1137 644 1198 omm'bus
656 1138 789 1215 corporis
798 1136 930 1197 sensibus
944 1157 1017 1215 quos

260 1249 459 1299 numeramus-3
475 1227 525 1286 sed
541 1229 583 1285 illi
603 1228 651 1285 alii
672 1239 739 1286 sunt
757 1227 865 1305 quibus
883 1228 1018 1288 numera-

262 1341 340 1391 mus,
356 1340 410 1378 nec
424 1319 566 1406 imagines
575 1317 698 1376 istorum
715 1329 796 1388 sunt,
810 1330 839 1376 ct
851 1318 919 1377 ideo
930 1314 1020 1378 valde

262 1423 337 1467 sunt.
348 1409 452 1468 Rideat
464 1427 510 1466 me
521 1409 575 1466 iste
585 1408 729 1466 dicentem
741 1407 792 1485 qui
803 1408 1014 1480 eosnonridet
1025 1413 1039 1436 '³

263 1511 292 1554 et
307 1517 360 1574 ego
377 1498 489 1556 doleam
504 1497 645 1554 ridentem
659 1515 714 1554 me.

513 1653 646 1716 emur
666 1652 773 1736 tun.⁸
827 1638 831 1648 ’

387 1799 506 1852 Memoria
518 1800 654 1850 meminisse
670 1815 714 1849 nos
730 1798 892 1850 meminimus.

305 1933 352 1992 20.
365 1937 434 1992 Haeo
445 1933 541 1992 omnia
557 1931 696 1990 memorie
709 1898 808 2005 terrei,
823 1943 852 1990 et
867 1906 1015 2009 qdutnodo

267 2043 300 2081 ea
315 2023 466 2081 didicerim
482 2023 621 2085 memoria
636 2035 730 2082 teneo.
744 2021 836 2080 Multa
847 2021 934 2082 etium
950 2041 1016 2102 que

267 2113 405 2170 adversus
419 2112 481 2170 haec
496 2112 643 2171 falsissime
661 2111 846 2191 disputentur
859 2111 1018 2184 audium

266 2202 405 2259 memoria
419 2214 522 2259 teneo:
540 2221 605 2278 quae
622 2202 735 2260 tametsi
747 2201 909 2275 felmeum,
921 2213 1017 2262 tamen

267 2307 300 2345 ea
316 2285 478 2346 meminisse
489 2308 535 2345 me
547 2309 606 2345 non
621 2302 664 2346 est
677 2291 794 2362 falsum;
808 2302 838 2348 et
849 2288 1016 2350 discrevisse

266 2396 312 2434 me
325 2378 401 2434 inter
419 2377 469 2434 illa
480 2397 553 2436 vera
573 2391 603 2436 et
617 2379 678 2438 haec
699 2381 770 2440 falso
785 2399 849 2458 quae
870 2379 1017 2438 contradi-

267 2477 390 2536 cuntur,·
404 2478 434 2523 et
455 2465 512 2523 hoc
532 2468 648 2526 memini
654 2492 663 2541 ;
679 2469 820 2547 aliterque
837 2489 913 2528 nunc
930 2467 1017 2542 video

266 2554 429 2626 discernere
447 2577 493 2614 me
510 2557 579 2630 ista,
594 2559 677 2618 aliter
686 2572 790 2625 eutem
798 2559 924 2621 memini
942 2576 1018 2637 saepe

265 2665 312 2704 me
329 2647 497 2707 discrevisse
508 2669 574 2708 cum
586 2671 622 2708 ea
634 2671 710 2730 saepe
720 2651 885 2729 cogitarem.
899 2653 976 2725 Ergo
989 2652 1019 2706 et

265 2737 439 2796 intellexisse
463 2759 511 2798 me
532 2741 636 2818 saepius
658 2743 712 2801 istu
735 2742 870 2812 memini;
890 2752 920 2798 et
938 2739 1017 2817 quod

265 2846 342 2883 nunc
352 2826 483 2888 discerno
496 2844 525 2889 et
534 2832 677 2914 intelligo,
689 2831 816 2891 ieoondo
824 2833 859 2890 in
868 2831 1019 2904 memorie,

265 2928 297 2971 ut
326 2929 427 2992 postea
451 2939 497 2978 me
524 2941 602 2994 nunc
626 2922 802 2980 intellexisse
828 2921 1017 2982 meminerim.

264 3007 341 3096 Ergo
360 3019 389 3064 et
414 3010 576 3070 meminisse
600 3028 645 3070 me
667 3011 801 3084 memini;
824 3011 900 3071 sicut
922 3023 1022 3090 postca

265 3085 345 3170 qdod
361 3096 424 3155 haec
440 3099 583 3157 reminisci
599 3121 676 3158 nunc
690 3099 813 3178 potui'
791 3120 815 3161 st
832 3099 1020 3170 recordabor,

264 3187 365 3263 utique
384 3190 509 3266 pervim
524 3191 671 3250 memoriae
686 3191 874 3252 recordabor.
