2352 4094
323 466 574 520 CONFESSIONUM
592 469 688 519 nmen
705 469 763 518 xn.
827 435 838 448 '
870 471 919 518 ns

160 578 321 645 pascuntur
330 566 361 626 in
370 565 524 632 latitudine
535 565 699 640 chautatis3
710 580 739 628 et
749 567 922 630 accedamus

161 658 246 718 simul
268 656 306 720 ad
325 654 419 716 verba
432 655 514 719 Libri
531 647 589 729 tui,
609 670 639 718 et
657 677 820 738 quaeramus
834 658 865 718 in
880 659 923 718 eis

160 751 339 810 voluntatem
364 761 443 812 tuam
462 767 516 828 per
530 750 717 812 ¹uoluntatem
739 750 841 812 limuli
863 751 927 826 tui,

162 840 246 919 cujus
260 841 371 902 calamo
385 840 612 919 dispensastiee.

400 975 535 1062 eunuc
556 995 677 1061 xxiv.
746 943 749 948 ¹
815 997 833 1098 J
931 951 938 964 ⁸

163 1151 197 1197 Ex
212 1147 293 1197 multis
311 1147 374 1198 veris
388 1145 521 1197 non‘clebct
537 1143 640 1196 fidenter
650 1146 723 1198 esseni
737 1145 784 1198 hoc
802 1155 845 1196 aut
862 1145 924 1198 illud

380 1262 382 1268 ,
425 1230 654 1300 sennuctioysen.
680 1263 684 1270 -
745 1265 748 1270 -

203 1378 248 1436 33.
271 1379 327 1437 Sed
346 1379 411 1458 quis
431 1392 562 1444 nostrum
580 1380 620 1438 sic
639 1380 749 1438 invenit
769 1399 831 1438 eant
846 1381 922 1439 inter

163 1482 220 1529 tam
235 1471 327 1530 multa
343 1491 414 1530 vera
423 1471 448 1543 *,
461 1491 526 1548 quae
539 1472 571 1530 in
585 1469 644 1528 illis
657 1468 757 1528 verbis
773 1470 857 1529 aliter
874 1484 923 1529 at-

163 1579 219 1638 que
243 1561 327 1620 aliter
349 1560 504 1620 intellectis
526 1572 688 1619 occurrunt
711 1558 925 1637 quaerentibus3

163 1665 196 1710 ut
212 1665 269 1712 tam
286 1651 410 1711 fidenter
426 1651 504 1714 dicat.
521 1653 579 1710 hoc
595 1650 716 1712 sensisse
728 1655 864 1727 Moysen,
878 1664 924 1709 at-

163 1763 220 1821 que
245 1743 355 1802 hocin
378 1743 429 1802 illa
448 1744 615 1824 narratinne
637 1742 765 1802 voluisse
785 1741 924 1820 intelligi,

162 1823 251 1912 quaen
263 1832 388 1894 fidenter
410 1833 481 1897 dicit
494 1834 556 1892 hoc
564 1851 670 1892 verum
692 1851 773 1902 csse,
792 1831 855 1890 sive
872 1832 925 1892 ille

162 1924 219 1984 hec
233 1924 356 1986 senserit
366 1924 427 1986 sive
441 1923 540 1984 aliud?
552 1929 628 1984 Ecce
639 1922 730 1994 enim,
743 1927 822 1982 Deus
832 1941 926 1992 meus,

163 2035 216 2094 ego
232 2034 334 2074 servus
350 2026 418 2072 tuus
434 2014 487 2091 qui
503 2013 572 2074 vovi
586 2012 640 2072 tibi
658 2013 833 2074 sacrificium
852 2031 926 2075 con-

61 2143 74 2164 ,
163 2105 294 2168 fessionis
308 2107 342 2166 in¹
352 2106 399 2166 his
409 2105 530 2178 litteris,
546 2117 575 2164 et
587 2125 642 2166 oro
657 2117 691 2166 ut
707 2125 745 2166 ex
757 2107 926 2171 misericor-

163 2198 211 2261 dia
232 2211 282 2258 tna
299 2197 422 2260 reddam
436 2195 491 2256 tibi
504 2209 572 2258 vota
588 2215 666 2270 mea3
679 2217 748 2260 ecce
767 2217 822 2278 ego
836 2218 926 2276 quam

162 2291 286 2352 fidenter
296 2290 363 2352 dico
374 2290 406 2348 in
417 2301 469 2348 tuo
475 2288 575 2354 Verbo
585 2289 819 2352 incommutabili
828 2291 927 2352 omnia

162 2394 191 2442 te
205 2381 324 2452 iecisse,
335 2379 495 2442 invisibilia
507 2393 537 2442 et
551 2379 693 2454 visibilia,
706 2381 850 2460 nunquid
865 2395 926 2443 tam

83 2479 87 2490 ¹
163 2471 372 2535 tidenter-dico
397 2491 457 2529 non
481 2471 561 2534 atiud
580 2492 675 2550 quem¹
690 2471 747 2536 hoc
768 2471 925 2535 attendisse

163 2567 285 2639 Moysen
297 2559 524 2630 curuscriberet
537 2583 544 2620 ι
559 2567 595 2620 In
602 2567 751 2638 principio
761 2560 837 2634 secie
848 2565 925 2618 Deus

165 2656 266 2712 οωΙιυη
283 2664 312 2708 et
321 2655 447 2708 tenum?
457 2651 533 2724 Quia
543 2672 602 2710 non
612 2652 687 2712 sicut
697 2652 728 2708 in
743 2662 793 2710 tun
803 2651 926 2712 veritate

166 2741 222 2800 hoc
239 2753 353 2800 certum
372 2738 476 2812 video,
489 2741 530 2798 ita
545 2740 577 2800 iu
596 2738 659 2817 ejus
680 2751 776 2798 mente
793 2737 882 2798 video
894 2738 927 2796 id

165 2849 233 2890 enm
249 2831 390 2909 cogitasse
406 2849 474 2890 cum
490 2828 553 2888 haec
568 2826 724 2893 scriberet,
736 2828 928 2896 Potuitenim

165 2921 293 2998 cogitare
308 2919 416 2998 inipso
432 2918 557 2982 faciendi
571 2917 694 2978 exordio
700 2959 714 2992 ,.
723 2938 790 2978 cum
805 2917 926 2993 diceret,

163 3015 201 3070 In
212 3017 357 3090 ρήηεὶρίο
376 3011 498 3090 :potuit
517 3022 547 3071 et
562 3011 667 3072 coelum
686 3022 717 3070 et
737 3023 845 3076 tetram
868 3012 925 3074 leuc

164 3104 249 3175 loco,
260 3104 369 3164 nullam
381 3102 442 3181 jam
462 3101 851 3182 formatam-perfecennque
869 3117 924 3160 na-

164 3207 259 3258 turum
282 3195 344 3256 sive
365 3194 544 3273 spirimalem
566 3195 628 3256 sive
651 3193 926 3272 corporalem,.sed
1012 3267 1017 3276 ·
