2354 4034
298 531 550 582 CONFESSIONUM
568 533 664 582 LIBER
681 534 751 583 xm.
854 535 905 582 465

147 646 204 690 tem
223 631 328 705 vitam,
348 646 484 710 tanquam
503 632 534 690 in
552 631 651 692 herbis
669 631 859 692 seminalibus
878 645 908 690 et

128 724 228 802 'lignis
244 724 420 795 fructiferis3
439 736 469 780 et
484 723 515 780 in
533 723 734 802 spiritualibus
749 722 832 782 donis
847 741 905 783 ma-

144 815 285 874 nifestatis
306 814 342 872 ad
367 814 539 886 utilitatem,
562 815 638 874 sicut
659 815 691 876 in
712 814 907 874 luminaribus

145 908 228 982 coeli3
249 907 327 967 etin
350 907 504 967 affectibus
525 910 656 970 formatis
678 909 715 968 ad
738 922 907 988 temperan-

145 1000 228 1072 tiam,
243 1011 381 1078 tanquam
401 999 432 1058 in
449 1000 545 1060 anima
562 1001 639 1061 viva.
653 1006 687 1060 In
707 1001 753 1060 bis
771 999 906 1059 omnibus

144 1089 339 1149 nanciscimur
354 1079 571 1165 multitudines,
586 1105 616 1150 et
631 1091 796 1164 ubertates,
813 1102 843 1148 et
862 1091 908 1149 in-

145 1193 316 1242 crementa:
333 1179 384 1239 se'd
398 1181 477 1259 quod
495 1181 537 1240 ita
555 1196 667 1242 crescat
685 1194 714 1242 et
730 1180 909 1260 multiplice-

144 1283 203 1346 tur,
213 1284 247 1331 ut
260 1291 319 1331 una
333 1292 379 1331 res
392 1272 489 1332 multis
504 1274 597 1333 modis
611 1274 790 1346 enuntietur,
805 1285 835 1332 et
848 1293 907 1332 una

143 1362 304 1445 enuntiatio
319 1362 416 1421 multis
430 1362 525 1422 modis
541 1365 736 1443 intelligatur,
750 1383 809 1422 non
821 1364 906 1423 inve-

143 1453 248 1526 nimus,
260 1453 316 1512 nisi
324 1452 355 1510 in
367 1453 455 1530 signis
467 1455 658 1531 corporaliter
669 1453 765 1525 editis,
776 1465 805 1512 et
819 1452 907 1514 rebus

143 1543 367 1622 intelligibiliter
392 1543 572 1620 excogitatis.
604 1544 690 1623 Signa
718 1543 908 1622 corporaliter

144 1635 242 1706 edita,
266 1634 465 1712 generationes
489 1653 631 1713 aquarum
656 1648 779 1715 propter
803 1654 907 1694 neccs-

144 1723 233 1782 sarias
249 1743 348 1783 causas
366 1726 488 1784 carnalis
507 1725 731 1804 profunditatis,
747 1745 793 1785 res
809 1737 907 1785 autern

143 1814 366 1893 intelligibiliter
380 1818 574 1896 excogitatas,
589 1818 789 1896 generationes
801 1817 907 1876 huma·

143 1924 194 1964 nas
207 1917 330 1982 propter
346 1907 466 1964 rationis
481 1909 692 1965 fecunditatem
708 1907 905 1984 intelligimus.
1004 1975 1006 1979 ¹

143 2001 179 2054 Et
192 1995 259 2054 ideo
272 1996 418 2056 credimus
433 1997 550 2075 utrique
562 1985 672 2056 borum
685 1995 783 2077 generi
796 1996 906 2056 dictum

142 2106 204 2152 esse
218 2086 269 2146 abs
284 2099 326 2158 te,
338 2087 477 2160 Domine,
492 2087 615 2145 Crescite
628 2101 657 2146 et
669 2090 903 2164 multiplicamini.

142 2180 177 2237 ln
197 2176 252 2236 hac
271 2175 347 2235 enim
365 2175 585 2250 benedictione,
603 2197 767 2237 concessam
785 2177 869 2238 nobis
888 2198 906 2236 a
960 2221 965 2228 .

143 2275 170 2322 te
186 2276 358 2342 potestatem
373 2276 402 2322 et
420 2264 587 2323 facultatem
610 2266 739 2344 accipio,
759 2279 787 2324 et
806 2266 905 2326 multis

142 2355 236 2415 modis
258 2352 410 2415 enuntiare
433 2356 513 2434 quod
535 2379 594 2418 uno
618 2357 707 2417 modo
726 2357 904 2418 intellectum

142 2448 335 2521 tenuerimus,
352 2461 381 2507 et
397 2448 495 2508 multis
515 2451 610 2510 modis
628 2450 802 2530 intelligere,
825 2450 905 2529 quod

141 2535 266 2596 obscure
284 2558 343 2596 uno
363 2538 452 2597 modo
471 2541 652 2599 enuntiatum
671 2541 837 2617 legerimus.
859 2541 905 2600 Sic

142 2627 301 2704 implentur
317 2646 399 2704 aquae
413 2627 513 2698 maris,
526 2649 591 2704 quae
605 2649 665 2687 non
681 2641 837 2688 moventur
850 2631 906 2691 nisi

143 2719 284 2777 averiis*
301 2719 561 2796 significationibus
585 2741 591 2776 :
615 2721 656 2778 sic
675 2734 704 2780 ct
723 2721 831 2781 fetibus
848 2723 905 2782 hu-

143 2809 234 2870 manis
247 2809 386 2890 impletur
400 2823 429 2870 et
443 2823 521 2868 terra
529 2833 537 2882 3
553 2811 637 2888 cujus
651 2811 770 2871 ariditas
785 2826 906 2893 apparet

143 2899 172 2960 in
195 2899 308 2975 studio,
329 2912 359 2960 et
379 2899 546 2962 dominatur
571 2902 597 2960 ei
618 2903 703 2962 ratio.
