2352 4094
236 468 286 514 ³⁶4
421 464 445 513 S,
464 460 646 511 AUGUSTINI
665 460 808 512 EPISCOPI

235 567 312 625 enim
329 576 395 623 sunt
411 565 510 622 futura
529 569 558 621 e't
578 563 747 641 praeterita‚'
758 562 826 620 volo
843 563 919 621 scire
938 564 994 624 ubi

234 659 299 714 sint.
317 654 402 730 Quod
421 655 445 712 si
461 654 592 712 nondum
611 653 711 724 valeo,
730 653 791 711 scio
810 665 907 710 tamen
919 653 995 712 ubi-

235 767 359 824 cumque
386 759 465 817 sunt‚
495 764 554 802 non
578 741 620 800 ihi
646 762 680 802 ea
709 741 809 801 futura
835 761 911 814 esse,
941 757 997 801 aut

234 835 393 912 praeterita,
414 833 464 892 sed
478 831 640 911 praesentia.
659 835 732 890 Nam
747 833 770 890 si
790 830 875 890 stibi
892 833 993 892 futura

234 936 317 996 sunt,
341 923 471 981 noudum
499 921 542 980 ibi
566 933 650 991 sunt3
676 921 700 978 si
727 933 757 978 et
777 918 820 977 ibi
843 920 992 997 praeterita

234 1027 315 1086 sunt,
323 1013 383 1090 jam
395 1033 454 1071 non
475 1011 517 1070 ibi
527 1023 609 1069 sunt.
631 1010 818 1088 Ubicumque
837 1029 907 1088 ergo
923 1023 992 1068 sunt

234 1123 426 1183 quaecumque
458 1114 538 1172 sunt,
563 1121 622 1160 non
652 1114 719 1160 sunt
742 1101 796 1159 nisi
827 1099 990 1179 praeseutia.

234 1199 405 1271 Quanquam
424 1192 571 1270 praeterita
587 1211 654 1249 cum
674 1210 744 1250 vera
763 1203 933 1263 narrantur,
952 1211 989 1250 ex

234 1283 374 1342 memoria
392 1283 582 1359 proferuntur
596 1301 656 1338 non
676 1301 723 1342 res
740 1282 809 1358 ipsae
829 1301 894 1358 quae
912 1301 989 1361 prae-

234 1374 389 1444 terierunt‚
409 1372 461 1431 sed
482 1371 574 1430 verba
595 1385 736 1451 concepta
756 1391 793 1430 ex
812 1372 988 1449 imaginibus

234 1481 348 1533 earum,
360 1481 425 1540 quae
439 1464 469 1520 iu
482 1463 577 1520 animo
591 1463 673 1520 velut
685 1461 808 1539 vestigia
819 1481 873 1540 per
887 1482 990 1522 sensus
1019 1455 1022 1462 ’

233 1553 437 1629 praetereundo
465 1553 604 1610 fixerunt.'
631 1551 759 1610 Pueritia
786 1552 896 1629 quippe
924 1571 989 1610 mea

233 1661 299 1719 quae
317 1641 378 1720 jam
399 1663 458 1701 non
483 1655 544 1714 est,
570 1643 750 1718 intempore
774 1642 923 1718 praeten’to
946 1655 989 1700 est

204 1768 209 1776 ι
233 1731 313 1808 quod
333 1735 394 1809 jam
417 1753 475 1790 nou
494 1745 553 1803 est;
575 1726 728 1808 imaginem
744 1742 816 1789 vero
838 1730 900 1808 ejus
921 1751 987 1790 cum

233 1842 296 1880 eam
312 1825 410 1882 recolo
428 1835 575 1892 et'narro‚
592 1823 623 1880 in
643 1824 776 1901 praesenti
791 1836 923 1902 tempore
937 1825 985 1890 in-

233 1925 331 1986 tueor,
345 1915 413 1992 quia
427 1926 469 1972 est
483 1911 579 1971 adhuc
594 1915 624 1970 in
639 1913 778 1971 memoria
792 1929 865 1971 mea.
881 1917 985 1974 Utrum

233 2005 333 2063 similis
346 2005 383 2062 sit
397 2025 484 2063 causa
499 2005 584 2069 eriam
602 1999 855 2083 praediceudorum
870 2005 987 2066 futuro-

232 2115 312 2166 rum,
336 2108 369 2154 ut
387 2115 484 2154 rerum
509 2115 575 2172 quae
591 2095 722 2160 nondum
743 2106 823 2165 sunt,
841 2093 902 2171 jam
922 2095 987 2152 exi-

233 2198 337 2244 stentes
369 2185 591 2264 praesentiantur
620 2185 758 2262 imagines
775 2183 806 2256 *5
833 2185 986 2257 confiteor,

232 2281 312 2334 Deus
324 2295 413 2346 meus,
425 2276 532 2333 nescio.
546 2274 623 2333 Illud
636 2285 703 2334 saue
715 2277 785 2348 scio,
797 2295 849 2333 uos
861 2277 987 2354 plerum-

171 2410 182 2422 .
232 2385 290 2444 que
300 2365 498 2442 praemeditari
509 2365 621 2423 futuras
634 2367 761 2425 actiones
774 2379 896 2437 nostras,
907 2385 988 2424 eam-

231 2475 290 2534 que
301 2447 581 2538 'praemeditatiouem
602 2476 664 2516 esse
682 2469 869 2536 praesentem,
895 2457 986 2514 actio-

231 2563 298 2603 nem
314 2558 409 2604 autem
419 2564 510 2628 quam
522 2546 760 2630 praemuediramur
773 2545 902 2616 noudum
914 2565 986 2617 esse,

231 2636 301 2713 quia
319 2633 418 2694 futura
431 2648 488 2708 est3
501 2655 588 2713 quam
606 2657 673 2694 cum
691 2637 817 2714 aggressi
831 2635 985 2716 fuerimus?

232 2738 260 2784 et
285 2727 365 2804 quod
386 2726 662 2804 praemeditabamur
685 2747 777 2804 agere¹
797 2727 984 2808 coeperimus,

231 2827 300 2873 tunc
321 2816 376 2873 erit
395 2817 445 2875 illa
463 2818 553 2889 actio,
565 2818 636 2894 quia
657 2830 727 2874 tunc
745 2836 803 2874 non
819 2817 918 2887 futura
934 2818 985 2880 sed

230 2925 356 2986 praeseus
368 2917 411 2963 est
419 2905 440 2962 *.
555 2907 565 2939 ⁸

270 2994 316 3053 24.
339 2999 463 3074 Quoquo
483 2996 571 3055 modo
587 3016 618 3055 se
633 2998 731 3072 itaque
753 2994 860 3054 habeat
882 3017 987 3058 arcana

181 3153 186 3170 ἱ
229 3084 384 3165 praesensio
399 3085 576 3158 futurorum,
589 3085 685 3146 uideri
705 3085 760 3146 uisi
774 3085 858 3164 quod
871 3098 986 3146 estnon

229 3188 333 3254 potest.
351 3173 438 3252 Quod
456 3188 553 3252 autem
564 3175 626 3255 jam
640 3188 696 3250 est,
710 3196 768 3249 nou
788 3177 919 3246 ,futurum
933 3177 985 3236 sed
