2352 4094
286 472 539 530 commouent
555 473 650 526 untur
667 475 738 526 xm.
843 477 894 525 ⁴2⁹

132 593 198 640 sot:
217 591 307 658 etque
324 580 366 638 ita
383 577 547 657 penderent
561 578 603 660 virr
613 577 665 638 tuo
685 575 784 638 verbo
798 575 893 636 infor-

82 719 88 728 ,
133 671 205 743 mia,
228 670 284 729 nisi
301 689 356 750 per
375 669 455 728 idem
472 668 602 728 Verbum
625 679 836 728 revocarentur
856 669 896 728 ad

132 762 275 821 unitatem
295 773 388 832 tuam,
410 771 440 817 et
460 759 671 831 formarentur,
687 771 717 818 et
737 771 833 820 essent
855 759 893 818 ab

134 871 193 913 uno
206 863 235 910 te
249 869 362 910 summo
375 849 456 909 bono
470 849 606 910 universe
618 845 697 908 bona
710 850 806 908 valde.
817 851 895 926 Quid

135 955 165 1001 te
187 953 411 1020 promeruerant
423 939 486 999 *ut
498 954 600 1006 ,esseut
617 940 720 1000 saltem
743 940 896 1014 informia,-

136 1051 201 1110 quee
209 1051 313 1110 ,neque
325 1032 382 1090 hoc
395 1042 506 1103 essent,
519 1029 625 1090 nisiex
640 1034 687 1091 tei
833 1035 835 1041 ⁴

177 1123 209 1182 ³.
232 1123 311 1200 Quid
332 1137 360 1182 te
381 1123 546 1203 promeruit
563 1124 699 1184 materies
720 1125 895 1208 corporalis,
923 1125 925 1132 ⁴

137 1228 259 1276 ueesset
270 1217 373 1276 saltem
385 1215 535 1278 invisibilis
546 1228 577 1274 et
586 1223 772 1294 incomposita
782 1217 815 1274 Ῥ
827 1217 897 1294 quia
975 1254 979 1260 -

135 1323 231 1383 neque
243 1305 300 1364 hoc
315 1318 403 1378 esset,
416 1306 472 1366 nisi
486 1306 556 1384 quio
567 1301 664 1366 iecisti
674 1321 738 1368 eam
747 1329 755 1379 3
763 1305 896 1385 ,ideoque

137 1409 180 1468 te,
194 1397 264 1474 (suia
280 1417 339 1456 non
356 1409 432 1469 emt,
450 1399 614 1476 promereri
628 1411 661 1457 ut
674 1409 751 1458 ess'et
766 1418 825 1459 uun
837 1417 894 1476 po-

138 1499 220 1548 teret.
239 1492 299 1546 Aut
317 1487 390 1565 qnid
405 1497 436 1546 te
453 1489 618 1566 promeruit
640 1488 789 1546 iuohoutio
811 1509 895 1558 cree-

138 1571 209 1636 turre
221 1577 395 1657 spiritualis,
413 1590 453 1636 ut
470 1579 577 1642 saitem„
594 1577 749 1642 tenebrosa
768 1578 897 1642 fluitaret

137 1668 238 1731 similis
260 1668 385 1746 abysso,
408 1668 451 1728 tui
475 1667 638 1742 dissimilis,
662 1669 718 1728 nisi
742 1689 796 1747 per
816 1669 896 1734 i'dem

137 1758 265 1820 Verbum
281 1772 503 1820 cenverteretur
514 1760 552 1820 a'd
564 1760 641 1820 idem
649 1781 670 1819 o
681 1781 740 1838 quo
755 1760 831 1820 secta
843 1775 897 1836 eet,

137 1863 225 1928 atque
240 1849 281 1911 ab
289 1871 327 1912 eo
341 1852 504 1911 illuminata
517 1853 679 1925 luxiieret,
693 1853 826 1930 quamvis
837 1874 897 1924 uon

137 1942 301 2020 equaliter,
314 1955 411 2010 tameo
422 1943 582 2004 conformis
592 1943 693 2009 former
707 1944 813 2022 aequali
826 1943 898 2004 tibir.

138 2033 218 2094 Sicut
229 2035 308 2093 euim
321 2035 441 2113 torpori
453 2055 514 2094 uon
525 2035 583 2094 hoc
598 2048 644 2094 est
658 2053 720 2095 esse
731 2021 899 2115 quod-put-

140 2123 243 2186 chrum
256 2144 332 2197 esse,
345 2124 475 2203 alioquin
489 2123 622 2188 deforme
632 2129 693 2184 e'sse
705 2145 763 2184 non
778 2140 896 2205 posset:

138 2213 179 2274 ito
192 2216 279 2274 etiam
290 2228 389 2277 creato
401 2215 517 2295 spiritui
528 2225 588 2276 uon
599 2216 630 2277 id
639 2227 685 2276 est
694 2217 808 2291 vivere,
817 2220 904 2297 quod*

138 2306 285 2385 sapienter
297 2308 414 2381 vivere,
427 2307 557 2386 alioquin
566 2307 844 2370 ieoommutebiliter
856 2331 899 2372 so·

138 2409 230 2476 peret
247 2401 361 2466 Bonum
383 2411 480 2469 autem
493 2399 538 2460 ilii
556 2411 601 2462 est
620 2400 732 2460 haerere
748 2398 803 2462 tibi
818 2417 897 2462 sem-

138 2503 211 2566 per,¹
224 2489 360 2573 nequod
381 2490 504 2570 adeptus
524 2503 569 2550 est
585 2493 793 2562 conversione,
810 2511 896 2551 aver-

140 2580 222 2637 sione
248 2579 346 2637 lumen
374 2581 502 2652 omittet,
528 2595 557 2640 et
581 2582 731 2645 relabetur
752 2582 784 2638 in
808 2581 899 2642 vitam

142 2665 303 2726 tenebrosae
320 2667 425 2744 abysso
438 2669 571 2728 similem.
588 2675 662 2728 Nam
679 2681 709 2727 et
724 2689 778 2748 uos
795 2669 845 2746 qui
858 2689 900 2728 se—

143 2755 271 2815 cundum
293 2758 416 2816 enirnam
443 2772 579 2817 ereatura
600 2760 760 2838 spiritualis
781 2779 899 2832 sumus,

140 2847 234 2905 aversi
256 2867 283 2906 a.
299 2859 327 2906 te
346 2860 448 2907 nostro
466 2849 592 2922 lumine,
609 2847 639 2907 in
659 2868 693 2908 ea
713 2849 774 2907 vita
792 2849 899 2910 fuimus

139 2937 297 3015 aliquando
311 2933 441 2997 tenebrae
453 2947 480 3013 ²,
494 2952 523 2998 et
536 2939 566 2997 iu
584 2940 716 3019 reliquiis
732 2939 899 3001 obscurita-

139 3025 176 3098 tis
193 3037 299 3094 eostre
315 3026 497 3102 laboramus,
513 3027 607 3088 donec
623 3029 712 3093 simus
723 3027 836 3108 justitia
848 3041 899 3090 tua

177 3219 327 3278 ¹Geu.r,l.
340 3218 566 3288 *²Epheev,8.
