2384 4052
297 451 348 500 312
481 454 506 502 S.
519 451 703 512 ,attonsum
721 451 862 502 EPISCOPI

294 551 404 631 liquide
428 571 528 612 omues
555 553 687 610 audiunt.
712 555 818 610 Omnes
846 550 923 609 unde
945 551 1051 610 volunt

294 644 463 714 consulunt,
479 643 604 702 sednon
621 662 736 720 semper
754 641 834 719 quod
847 642 950 700 volunt
963 641 1050 700 audi-

294 745 355 789 unt.
371 735 505 810 Optimus
519 733 648 790 minister
661 746 728 790 tuus
745 743 802 802 est,
818 732 940 808 quinon
955 733 1049 810 magis

294 821 424 880 intuetur
440 822 497 880 hoc
515 843 532 880 a
552 835 580 880 te
601 822 703 880 audire
722 819 801 898 quod
819 821 882 898 ipse
902 821 1045 891 voluerit,

294 909 345 968 sed
361 913 457 988 potius
473 913 530 971 hoc
542 913 617 970 velle
631 911 710 990 quod
727 931 744 968 a
758 923 786 968 te
800 909 933 968 audierit.

522 1091 655 1152 uapor
675 1067 813 1152 xxvii.

378 1263 504 1329 Quomodo
516 1263 638 1314 hominem
651 1264 728 1332 rapiat
739 1263 784 1315 Dei
797 1263 958 1331 pulchritudo.

330 1433 379 1491 38.
391 1439 461 1494 Sero
475 1447 504 1493 te
517 1435 628 1505 amavi,
647 1435 834 1512 pulchritudo
852 1448 910 1493 tam
923 1433 1043 1510 antiqua

290 1538 318 1582 et
332 1539 391 1584 tam
406 1529 498 1584 nova!
514 1546 578 1584 sero
591 1539 619 1584 te
631 1527 739 1584 amavi!
750 1530 787 1583 Et
798 1545 866 1583 ecoe
878 1525 1041 1594 inluseras,

290 1628 319 1672 et
332 1635 386 1693 ego
400 1617 485 1687 foris,
501 1628 529 1674 et
542 1616 585 1674 ihi
599 1629 627 1674 te
639 1615 821 1693 quaerebam3
833 1627 861 1672 et
874 1615 905 1672 in
918 1615 972 1673 ista
984 1613 1043 1688 lor·

289 1724 369 1763 mosa
386 1725 452 1782 quae
472 1706 580 1776 fecisti,
596 1705 733 1764 deformis
754 1704 910 1762 irruebam.
926 1707 1041 1762 Mecum

289 1813 366 1865 eras,
394 1807 423 1877 ep
450 1807 545 1852 tecum
568 1813 736 1852 noueram.
763 1796 805 1851 Ea
832 1812 879 1850 me
904 1790 1042 1850 tenebant

287 1883 373 1959 longe
384 1903 401 1940 a
413 1895 454 1952 te,
468 1901 533 1959 quae
547 1883 570 1940 si
584 1883 615 1938 in
630 1896 657 1940 te
671 1903 730 1940 uon
744 1895 852 1952 essent,
864 1901 923 1939 non
935 1894 1039 1940 essent.

286 1973 414 2042 Vocasti,
446 1985 474 2028 et
507 1972 648 2042 clamasti,
678 1985 707 2029 et
736 1971 841 2048 rupisti
871 1970 1039 2029 surditatem

286 2081 389 2144 meam.
405 2062 581 2131 coruscasti,
595 2061 782 2139 splenduisti,
797 2075 826 2120 et
840 2061 944 2139 fugasti
956 2061 1040 2119 caeei-

287 2164 373 2210 tatem
388 2171 490 2209 meam.
506 2153 649 2228 Fragrasti
662 2152 685 2222 *,
706 2165 735 2210 et
754 2151 824 2210 duxi
843 2153 989 2230 spiritum,
1011 2165 1040 2208 et

287 2239 391 2296 anhelo
409 2239 472 2297 tibi.
493 2241 627 2311 Gustavi,
643 2254 671 2298 et
690 2243 803 2312 esurio,
817 2255 846 2300 et
864 2242 938 2300 sitio.
957 2241 1037 2299 Teti-

286 2329 350 2403 gisti
365 2349 425 2399 me,
440 2341 469 2386 et
481 2331 575 2388 exarsi
591 2332 622 2388 in
632 2350 735 2408 pacem
749 2344 837 2390 tuam.
1000 2329 1003 2342 '

506 2485 640 2548 CAPUT
660 2487 815 2551 XXVIII.

524 2649 629 2709 Miseriae
645 2650 718 2718 hujus
735 2650 798 2702 vite.

325 2800 370 2856 39.
383 2805 455 2860 Cum
467 2802 609 2860 inhaesero
621 2801 675 2859 tibi
685 2822 720 2860 ex
731 2800 811 2858 omni
821 2819 880 2872 me,
893 2817 1036 2876 nusquam

285 2888 339 2944 erit
352 2888 423 2944 mihi
436 2889 521 2947 dolor
534 2903 563 2948 et
575 2891 676 2961 labor3
692 2903 721 2948 et
733 2891 801 2947 viva
815 2889 871 2947 erit
884 2888 944 2948 vite
957 2908 1035 2958 mea,

283 2988 342 3032 tota
363 2977 449 3051 plena
469 2991 505 3036 te.
519 2984 603 3037 Nunc
621 2993 718 3038 autem
737 2979 875 3056 quonlam
894 2999 980 3057 quem
1002 2991 1034 3036 tu

282 3066 398 3142 imples,
412 3066 548 3127 sublevas
560 3091 626 3128 eum
633 3093 642 3143 3
653 3071 792 3147 quoniam
805 3070 848 3128 tui
861 3071 964 3147 plenus
974 3088 1033 3126 nou

282 3175 362 3227 suin,
375 3159 456 3216 oneri
469 3155 539 3218 mihi
554 3181 627 3220 sum.
642 3159 828 3222 contendunt
844 3159 949 3222 laetitiae
963 3177 1033 3217 meae
