2356 4018
278 417 340 516 184Ι
462 465 487 513 S.
505 460 685 515 AUGUSTINI
702 459 843 510 setscort

275 553 362 612 batur
375 551 498 624 divitiis,
515 547 728 614 sublimabatur
736 547 917 623 ,honoribus3
933 569 1035 612 servus

276 647 373 702 autem
394 641 457 711 ille,
482 638 656 698 conditionis
670 636 743 715 jugo
767 639 931 713 nullatenus
949 642 1034 702 rela-

275 744 359 804 xato,
374 730 497 790 dominis
511 727 671 798 serviebat,
680 728 745 806 ipso
758 727 903 815 indicante
916 731 968 808 qui
978 751 1035 790 no-

275 833 359 880 verat
370 841 445 880 eum.
678 867 682 875 .
768 823 769 826 ’
881 881 882 886 1

298 967 300 974 ,
316 913 344 971 9.
358 913 410 980 His
425 911 525 990 itaque
538 909 644 970 auditis
657 923 687 968 et
701 907 833 983 creditis,
847 909 911 970 talis
924 912 1035 993 quippe

277 1000 461 1076 narraverat,
479 1001 571 1062 omnis
586 1001 637 1058 illa
653 1001 806 1059 reluctatio
825 1021 889 1060 mea
907 1005 1036 1063 resoluta

278 1094 426 1154 concidit:
444 1107 473 1152 et
494 1094 590 1172 primo
614 1091 775 1152 Firminum
795 1092 892 1170 ipsum
914 1108 1036 1154 conatus

277 1205 341 1244 sum
356 1184 394 1244 ab
408 1185 459 1243 illa
470 1184 636 1243 curiositate
650 1201 881 1266 reuocare,eum
893 1173 1036 1257 dicerem,

278 1273 545 1334 constellationibus
567 1271 629 1350 ejus
649 1271 800 1350 inspectis,
821 1285 855 1330 ut
878 1292 948 1332 vera
965 1294 1037 1353 pro-

277 1365 442 1424 nuntiarem
458 1365 484 1437 *‚
516 1362 651 1435 debuisse
674 1383 722 1420 me
745 1363 846 1440 utique
867 1363 967 1423 videre
993 1363 1037 1426 ihi

278 1467 414 1534 parentes
439 1453 515 1513 inter
540 1473 608 1513 suos
626 1473 694 1512 esse
717 1453 885 1530 primarios,
907 1453 1036 1514 nobilem

278 1545 417 1604 familiam
440 1543 567 1623 proprie
595 1543 735 1615 civitatis,
749 1545 858 1601 natales
878 1544 1037 1622 ingenuos,

278 1636 430 1702 honestam
444 1635 659 1705 educationem,
673 1632 866 1710 liberalesque
882 1633 1038 1694 doctrinas.

257 1738 259 1744 '
280 1732 319 1786 At
335 1726 360 1784 si
378 1727 424 1785 me
440 1724 490 1788 ille
506 1743 607 1782 seruus
627 1742 664 1780 ex
682 1721 790 1780 eisdem
808 1723 1036 1781 constellationi-

279 1815 353 1888 bus,
369 1816 439 1892 quia
452 1826 482 1872 et
494 1814 572 1872 illius
585 1813 655 1890 ipsae
669 1824 777 1883 essent,
787 1812 991 1883 consuluisset,
1004 1826 1038 1872 ut

280 1906 374 1965 eidem
397 1925 515 1983 quoque
537 1923 608 1962 uera
629 1902 808 1981 proferrem,
833 1902 967 1970 debuisse
990 1923 1038 1962 me

281 2017 397 2056 rursum
408 1996 450 2055 ibi
460 1995 561 2054 videre
570 1993 794 2072 abjectissimam
805 1992 957 2065 familiam,
970 2014 1039 2053 con·

281 2087 420 2146 ditionem
442 2085 590 2155 servilem,
607 2097 637 2142 et
659 2096 763 2142 caetera
784 2084 869 2163 longe
888 2103 905 2142 a
928 2085 1039 2168 priori-

239 2181 241 2188 ’
279 2175 467 2252 ΒωΙαΙίεηα,
490 2177 634 2252 longeque
662 2173 806 2234 distantia„
830 2174 916 2234 Unde
939 2187 1038 2236 autem

281 2266 364 2323 fieret
379 2278 412 2323 ut
430 2264 532 2324 eadem
548 2263 703 2341 inspiciens
718 2263 833 2322 diversa
851 2263 996 2335 dicerem,
1014 2265 1040 2324 si

280 2371 351 2413 vera
370 2353 510 2425 dicerem;
526 2353 550 2410 si
571 2364 668 2412 autem
691 2353 793 2412 eadem
809 2349 952 2426 dicerem,
967 2353 1039 2414 salsa

281 2443 427 2502 dicerem:
442 2443 510 2502 inde
519 2443 677 2502 certissime
691 2440 788 2521 colligi
797 2443 821 2516 *,
834 2462 869 2501 ea
877 2461 942 2520 quae
953 2463 1040 2518 vcra,

282 2532 469 2594 consideratis
483 2533 766 2605 constellationibus,
779 2534 958 2606 dicerentur,
979 2555 1038 2593 non

282 2636 344 2683 arte
359 2624 434 2698 dici,
448 2624 499 2682 sed
515 2636 592 2682 sorte
603 2643 687 2700 squas
701 2635 796 2682 autem
814 2613 902 2697 falsa,
916 2643 974 2682 non
992 2643 1039 2682 ar-

283 2714 320 2773 tis
335 2714 497 2792 imperitia,
512 2715 565 2772 sed
579 2715 664 2773 sortis
678 2711 839 2772 mendacio.

332 2803 377 2860 10.
390 2804 465 2864 Hinc
481 2816 578 2862 autem
588 2816 708 2880 accepto
718 2801 801 2862 aditu
811 2803 837 2874 *‚
849 2803 1038 2880 ipsemecum

284 2891 353 2950 talia
365 2893 555 2966 ruminando,
565 2913 602 2952 ne
618 2893 682 2971 quis
696 2891 866 2950 eorumdem
879 2891 1038 2956 delirorum

283 2981 335 3060 qui
347 2981 432 3041 talem
444 2995 587 3057 questum
594 2994 786 3060 sequerentur
795 3025 803 3054 ,
811 2975 889 3059 ,quos
895 2981 956 3060 jam
965 2981 1039 3059 jam-

283 3091 341 3150 que
353 3071 507 3144 invadere,
521 3084 608 3149 atque
617 3073 720 3138 irrisos
730 3072 861 3131 refellere
874 3072 1038 3150 cupiebam,

284 3159 356 3219 mihi
365 3160 406 3218 ita
418 3161 573 3233 resisteret,
585 3163 668 3239 qussi
681 3174 732 3222 aut
740 3160 885 3222 Firminus
895 3162 980 3234 mihi,
989 3174 1039 3222 aut
