2384 4052
282 441 333 488 302
467 436 493 484 S.
512 435 692 484 Attuttstmt
710 435 852 484 Entscort

279 541 344 624 ejus
357 549 445 608 esset,
459 555 518 594 uon
535 535 678 595 inveniret
692 555 766 594 eam.
779 541 850 596 Cum
867 537 942 594 enim
963 550 1037 595 esset

279 632 411 698 inventa,
425 627 504 685 unde
524 627 611 684 sciret
626 638 726 684 utrum
739 627 802 704 ipsa
822 638 909 698 esset,
925 627 951 684 si
972 645 1035 685 me-

281 739 346 778 mor
364 718 426 795 ejus
445 737 503 775 non
517 717 609 775 esset?
620 714 717 774 Multa'
728 716 847 775 memini
857 736 909 775 -me
920 716 1037 794 perdita

281 809 417 886 quaesisse
431 820 518 885 atque
531 807 685 866 invenisse.
697 807 769 866 Inde
784 806 862 864 istud
876 805 950 877 scio,
966 807 1035 884 quie

233 937 237 944 ·
281 921 348 960 cum
373 917 532 977 quaererem
556 897 664 974 aliquid
691 917 807 967 eorum,
834 910 864 955 ct
887 898 1035 956 diceretur

281 989 368 1062 mihi,
378 993 454 1047 Num
469 988 543 1046 forte
556 987 613 1045 hoc
626 999 681 1058 est,
696 1005 764 1044 num
777 987 851 1046 forte
864 985 954 1045 illud?
966 1000 1036 1046 tam·

282 1081 333 1139 din
347 1078 493 1148 dicebam,
505 1083 570 1136 Non
580 1090 635 1148 est,
648 1076 740 1136 donec
749 1077 780 1135 id
791 1077 1035 1155 offerreturquod

280 1167 457 1248 quaerebam.
472 1165 560 1243 Cujus
574 1167 629 1225 nisi
642 1185 754 1225 memor
769 1185 876 1238 essem,
892 1167 1035 1245 quidquid

280 1258 354 1318 illud
371 1269 460 1328 esset,
474 1258 561 1316 etiam
576 1257 600 1316 si
620 1258 692 1316 mihi
712 1258 868 1317 offerretur
879 1277 937 1316 non
950 1259 1034 1318 inve-

281 1350 387 1422 nirem,
400 1347 468 1424 quia
482 1366 540 1406 non
554 1365 749 1424 agnoscerem.
765 1352 802 1405 Et
812 1367 926 1426 semper
936 1349 977 1406 ita
989 1349 1034 1419 fit,

282 1459 348 1498 cum
362 1437 473 1516 aliquid
484 1437 633 1516 perditum
648 1439 806 1515 quaerimus
823 1453 851 1498 et
862 1439 1032 1498 invenimus.

282 1537 486 1589 Verumtamen
505 1527 529 1587 si
550 1525 626 1586 iorte
648 1529 759 1606 aliquid
779 1528 817 1588 ab
833 1530 1032 1608 oculisperit,

281 1641 340 1679 non
362 1641 379 1679 a
396 1619 549 1688 memorie,
564 1619 655 1678 veluti
674 1639 779 1698 corpus
796 1619 948 1697 quodlibet
961 1619 1033 1678 visi-

282 1710 355 1780 bile,
382 1721 496 1768 tenetur
521 1709 599 1766 intus
623 1707 720 1785 imago
741 1707 818 1784 ejus,
842 1721 871 1767 et
892 1709 1035 1786 quaeritur

282 1802 375 1860 donec
396 1799 535 1858 reddatur
555 1799 693 1876 aspectui.
705 1800 791 1872 Quod
803 1818 869 1857 cum
885 1799 1034 1858 inventum

282 1892 385 1964 fucrit,
402 1911 437 1948 ex
452 1889 575 1966 imagine
589 1909 653 1966 quae
664 1889 741 1948 intus
753 1902 795 1948 est
806 1890 1032 1967 recognoscitur.

281 1986 341 2039 Nec
362 1979 506 2040 invenisse
528 2000 580 2038 nos
600 1979 723 2038 dicimus
747 1981 827 2058 quod
848 1981 990 2060 perierat,
1009 1983 1034 2040 si

281 2089 339 2129 non
360 2070 557 2148 agnoscimus3
572 2089 627 2127 nec
648 2087 803 2146 agnoscere
824 2089 988 2148 possumus,
1010 2070 1033 2128 si

282 2181 340 2218 non
366 2160 549 2218 meminimus
571 2181 590 2216 τ’
604 2159 655 2218 sed
681 2159 738 2218 hoc
765 2161 893 2238 perierat
916 2160 1032 2237 quidem

283 2251 391 2322 oculis,
409 2250 549 2308 memoria
567 2249 728 2309 tenebatur.

538 2438 671 2542 uAPtJ't
692 2441 778 2502 XIX.

529 2609 595 2674 Quid
608 2610 641 2660 sit
657 2612 787 2662 reminisci.

324 2779 371 2837 28.
392 2780 470 2853 Quid
484 2801 551 2839 cum
568 2783 632 2859 ipsa
646 2783 787 2840 memoria
801 2780 897 2858 perdit
911 2782 1034 2860 aliquid,

283 2870 358 2928 sicut
372 2869 405 2926 fit
419 2889 485 2928 curu
500 2871 714 2941 obliviscimur,
729 2865 927 2949 et'quaerimus
942 2885 1035 2950 utre-

284 2959 458 3017 cordemuri'
469 2961 527 3020 Ubi
544 2962 660 3020 tandem
675 2962 847 3040 quaerimus,
862 2963 917 3022 nisi
930 2964 961 3021 in
975 2965 1037 3042 ipsa

284 3049 442 3108 memoria?
460 3053 496 3108 Et
514 3050 556 3109 ibi
573 3051 597 3110 si
611 3051 692 3110 aliud
707 3072 761 3129 pro
773 3053 831 3111 elio
843 3053 917 3111 forte
934 3053 1038 3112 offera-

286 3150 342 3208 tur,
353 3139 525 3215 respuimus,
535 3140 627 3198 donec
640 3140 713 3198 illud
725 3153 860 3200 occurrat
871 3142 951 3217 quod
960 3161 1038 3219 quae
