<?xml version="1.0" encoding="UTF-8"?>
<!DOCTYPE html PUBLIC "-//W3C//DTD XHTML 1.0 Transitional//EN"
    "http://www.w3.org/TR/xhtml1/DTD/xhtml1-transitional.dtd">
<html xmlns="http://www.w3.org/1999/xhtml" xml:lang="en" lang="en">
 <head>
  <title>
</title>
<meta http-equiv="Content-Type" content="text/html;charset=utf-8" />
  <meta name='ocr-system' content='tesseract 3.04.00' />
  <meta name='ocr-capabilities' content='ocr_page ocr_carea ocr_par ocr_line ocrx_word'/>
</head>
<body>
  <div class='ocr_page' id='page_1' title='image "./confessionumlib00maugoog_0386.png"; bbox 0 0 2352 4094; ppageno 0'>
   <div class='ocr_carea' id='block_1_1' title="bbox 261 517 834 579">
    <p class='ocr_par' dir='ltr' id='par_1_1' title="bbox 261 517 834 579">
     <span class='ocr_line' id='line_1_1' title="bbox 261 517 834 579; baseline 0.003 -1"><span class='ocrx_word' id='word_1_1' title='bbox 261 532 312 578; x_wconf 84' lang='lat'><strong>388</strong></span> <span class='ocrx_word' id='word_1_2' title='bbox 447 525 472 574; x_wconf 81' lang='lat' dir='ltr'><strong>S.</strong></span> <span class='ocrx_word' id='word_1_3' title='bbox 489 523 672 574; x_wconf 81' lang='lat' dir='ltr'><strong>AUGUSTINI</strong></span> <span class='ocrx_word' id='word_1_4' title='bbox 689 517 834 579; x_wconf 71' lang='lat' dir='ltr'><strong>Entsbom</strong></span> 
     </span>
    </p>
   </div>
   <div class='ocr_carea' id='block_1_2' title="bbox 258 615 1025 1794">
    <p class='ocr_par' dir='ltr' id='par_1_2' title="bbox 258 615 1025 1794">
     <span class='ocr_line' id='line_1_2' title="bbox 260 615 1024 706; baseline -0.007 -17"><span class='ocrx_word' id='word_1_5' title='bbox 260 629 315 689; x_wconf 89' lang='lat' dir='ltr'><strong>tibi</strong></span> <span class='ocrx_word' id='word_1_6' title='bbox 335 627 506 686; x_wconf 86' lang='lat' dir='ltr'><strong>confiteatur</strong></span> <span class='ocrx_word' id='word_1_7' title='bbox 527 644 585 683; x_wconf 88' lang='lat' dir='ltr'><strong>vox</strong></span> <span class='ocrx_word' id='word_1_8' title='bbox 609 615 637 683; x_wconf 83' lang='lat' dir='ltr'><strong>et</strong></span> <span class='ocrx_word' id='word_1_9' title='bbox 659 627 742 686; x_wconf 85' lang='lat' dir='ltr'><strong>stilus</strong></span> <span class='ocrx_word' id='word_1_10' title='bbox 763 649 854 702; x_wconf 82' lang='lat' dir='ltr'><strong>meus,</strong></span> <span class='ocrx_word' id='word_1_11' title='bbox 873 627 1024 706; x_wconf 84' lang='lat' dir='ltr'><strong>quidquid</strong></span> 
     </span>
     <span class='ocr_line' id='line_1_3' title="bbox 261 715 1022 796; baseline -0.004 -19"><span class='ocrx_word' id='word_1_12' title='bbox 261 719 298 777; x_wconf 90' lang='lat' dir='ltr'><strong>de</strong></span> <span class='ocrx_word' id='word_1_13' title='bbox 317 719 373 776; x_wconf 87' lang='lat' dir='ltr'><strong>ista</strong></span> <span class='ocrx_word' id='word_1_14' title='bbox 393 715 552 794; x_wconf 76' lang='lat' dir='ltr'><strong>quaestione</strong></span> <span class='ocrx_word' id='word_1_15' title='bbox 573 715 705 774; x_wconf 78' lang='lat' dir='ltr'>enodasti</span> <span class='ocrx_word' id='word_1_16' title='bbox 724 717 810 789; x_wconf 88' lang='lat' dir='ltr'><strong>mihi,</strong></span> <span class='ocrx_word' id='word_1_17' title='bbox 833 718 897 796; x_wconf 87' lang='lat' dir='ltr'><strong>quis</strong></span> <span class='ocrx_word' id='word_1_18' title='bbox 915 718 1022 796; x_wconf 83' lang='lat' dir='ltr'><strong>legen-</strong></span> 
     </span>
     <span class='ocr_line' id='line_1_4' title="bbox 260 805 1025 887; baseline -0.005 -19"><span class='ocrx_word' id='word_1_19' title='bbox 260 812 333 868; x_wconf 89' lang='lat' dir='ltr'><strong>tium</strong></span> <span class='ocrx_word' id='word_1_20' title='bbox 350 826 456 887; x_wconf 84' lang='lat' dir='ltr'>capere</span> <span class='ocrx_word' id='word_1_21' title='bbox 470 805 607 864; x_wconf 73' lang='lat' dir='ltr'><strong>durabit?</strong></span> <span class='ocrx_word' id='word_1_22' title='bbox 621 814 681 867; x_wconf 87' lang='lat' dir='ltr'><strong>Nec</strong></span> <span class='ocrx_word' id='word_1_23' title='bbox 697 807 765 867; x_wconf 85' lang='lat' dir='ltr'><strong>ideo</strong></span> <span class='ocrx_word' id='word_1_24' title='bbox 780 822 877 868; x_wconf 90' lang='lat' dir='ltr'><strong>tamen</strong></span> <span class='ocrx_word' id='word_1_25' title='bbox 894 807 1025 868; x_wconf 83' lang='lat' dir='ltr'>cessabit</span> 
     </span>
     <span class='ocr_line' id='line_1_5' title="bbox 260 897 1023 960; baseline -0.004 -2"><span class='ocrx_word' id='word_1_26' title='bbox 260 921 312 960; x_wconf 88' lang='lat' dir='ltr'><strong>cor</strong></span> <span class='ocrx_word' id='word_1_27' title='bbox 326 920 424 958; x_wconf 91' lang='lat' dir='ltr'><strong>meum</strong></span> <span class='ocrx_word' id='word_1_28' title='bbox 441 897 511 956; x_wconf 83' lang='lat' dir='ltr'><strong>dare</strong></span> <span class='ocrx_word' id='word_1_29' title='bbox 525 897 580 954; x_wconf 91' lang='lat' dir='ltr'><strong>tibi</strong></span> <span class='ocrx_word' id='word_1_30' title='bbox 596 897 738 957; x_wconf 82' lang='lat' dir='ltr'><strong>honorem</strong></span> <span class='ocrx_word' id='word_1_31' title='bbox 754 912 783 958; x_wconf 88' lang='lat' dir='ltr'><strong>et</strong></span> <span class='ocrx_word' id='word_1_32' title='bbox 799 900 944 958; x_wconf 88' lang='lat' dir='ltr'><strong>canticum</strong></span> <span class='ocrx_word' id='word_1_33' title='bbox 956 899 1023 957; x_wconf 88' lang='lat' dir='ltr'><strong>lau·</strong></span> 
     </span>
     <span class='ocr_line' id='line_1_6' title="bbox 260 989 1021 1068; baseline -0.004 -18"><span class='ocrx_word' id='word_1_34' title='bbox 260 993 304 1052; x_wconf 90' lang='lat' dir='ltr'><strong>dis</strong></span> <span class='ocrx_word' id='word_1_35' title='bbox 319 993 356 1050; x_wconf 87' lang='lat' dir='ltr'><strong>de</strong></span> <span class='ocrx_word' id='word_1_36' title='bbox 371 992 406 1049; x_wconf 86' lang='lat' dir='ltr'><strong>iis</strong></span> <span class='ocrx_word' id='word_1_37' title='bbox 421 1009 486 1068; x_wconf 86' lang='lat' dir='ltr'><strong>quae</strong></span> <span class='ocrx_word' id='word_1_38' title='bbox 504 989 616 1048; x_wconf 85' lang='lat' dir='ltr'><strong>dictare</strong></span> <span class='ocrx_word' id='word_1_39' title='bbox 631 1009 691 1047; x_wconf 92' lang='lat' dir='ltr'><strong>non</strong></span> <span class='ocrx_word' id='word_1_40' title='bbox 707 991 822 1049; x_wconf 85' lang='lat' dir='ltr'><strong>sufficit.</strong></span> <span class='ocrx_word' id='word_1_41' title='bbox 838 989 1021 1050; x_wconf 84' lang='lat' dir='ltr'><strong>Mutabilitas</strong></span> 
     </span>
     <span class='ocr_line' id='line_1_7' title="bbox 261 1078 1021 1160; baseline -0.004 -18"><span class='ocrx_word' id='word_1_42' title='bbox 261 1085 338 1142; x_wconf 86' lang='lat' dir='ltr'><strong>enim</strong></span> <span class='ocrx_word' id='word_1_43' title='bbox 357 1101 457 1141; x_wconf 85' lang='lat' dir='ltr'><strong>rerum</strong></span> <span class='ocrx_word' id='word_1_44' title='bbox 481 1078 666 1140; x_wconf 78' lang='lat' dir='ltr'><strong>mutabilium</strong></span> <span class='ocrx_word' id='word_1_45' title='bbox 689 1081 753 1158; x_wconf 87' lang='lat' dir='ltr'><strong>ipsa</strong></span> <span class='ocrx_word' id='word_1_46' title='bbox 774 1101 867 1160; x_wconf 68' lang='lat' dir='ltr'><strong>capax,</strong></span> <span class='ocrx_word' id='word_1_47' title='bbox 890 1094 934 1141; x_wconf 91' lang='lat' dir='ltr'><strong>est</strong></span> <span class='ocrx_word' id='word_1_48' title='bbox 955 1081 1021 1140; x_wconf 80' lang='lat' dir='ltr'><strong>soa·-</strong></span> 
     </span>
     <span class='ocr_line' id='line_1_8' title="bbox 259 1172 1020 1250; baseline -0.008 -14"><span class='ocrx_word' id='word_1_49' title='bbox 259 1195 373 1236; x_wconf 80' lang='lat' dir='ltr'><strong>marum</strong></span> <span class='ocrx_word' id='word_1_50' title='bbox 394 1173 525 1232; x_wconf 90' lang='lat' dir='ltr'><strong>omnium</strong></span> <span class='ocrx_word' id='word_1_51' title='bbox 546 1172 576 1229; x_wconf 93' lang='lat' dir='ltr'><strong>in</strong></span> <span class='ocrx_word' id='word_1_52' title='bbox 596 1191 669 1250; x_wconf 84' lang='lat' dir='ltr'><strong>quas</strong></span> <span class='ocrx_word' id='word_1_53' title='bbox 690 1185 841 1231; x_wconf 84' lang='lat' dir='ltr'><strong>mutantur</strong></span> <span class='ocrx_word' id='word_1_54' title='bbox 860 1193 907 1232; x_wconf 85' lang='lat' dir='ltr'><strong>res</strong></span> <span class='ocrx_word' id='word_1_55' title='bbox 926 1185 1020 1231; x_wconf 82' lang='lat' dir='ltr'><strong>muta-</strong></span> 
     </span>
     <span class='ocr_line' id='line_1_9' title="bbox 258 1262 1022 1342; baseline -0.008 -17"><span class='ocrx_word' id='word_1_56' title='bbox 258 1266 342 1325; x_wconf 84' lang='lat' dir='ltr'><strong>biles.</strong></span> <span class='ocrx_word' id='word_1_57' title='bbox 371 1269 408 1323; x_wconf 88' lang='lat' dir='ltr'><strong>Et</strong></span> <span class='ocrx_word' id='word_1_58' title='bbox 431 1263 492 1321; x_wconf 83' lang='lat' dir='ltr'><strong>haeo</strong></span> <span class='ocrx_word' id='word_1_59' title='bbox 521 1262 593 1340; x_wconf 89' lang='lat' dir='ltr'><strong>quid</strong></span> <span class='ocrx_word' id='word_1_60' title='bbox 619 1265 683 1322; x_wconf 78' lang='lat' dir='ltr'><strong>est?</strong></span> <span class='ocrx_word' id='word_1_61' title='bbox 707 1263 857 1342; x_wconf 90' lang='lat' dir='ltr'><strong>Numquid</strong></span> <span class='ocrx_word' id='word_1_62' title='bbox 885 1263 1022 1322; x_wconf 73' lang='lat' dir='ltr'><strong>animus?</strong></span> 
     </span>
     <span class='ocr_line' id='line_1_10' title="bbox 260 1351 1019 1432; baseline -0.004 -18"><span class='ocrx_word' id='word_1_63' title='bbox 260 1351 404 1432; x_wconf 88' lang='lat' dir='ltr'><strong>numquid</strong></span> <span class='ocrx_word' id='word_1_64' title='bbox 422 1353 550 1430; x_wconf 77' lang='lat' dir='ltr'><strong>corpus?</strong></span> <span class='ocrx_word' id='word_1_65' title='bbox 567 1353 712 1431; x_wconf 91' lang='lat' dir='ltr'><strong>numquid</strong></span> <span class='ocrx_word' id='word_1_66' title='bbox 730 1355 842 1432; x_wconf 85' lang='lat' dir='ltr'><strong>species</strong></span> <span class='ocrx_word' id='word_1_67' title='bbox 862 1352 952 1412; x_wconf 86' lang='lat' dir='ltr'><strong>animi</strong></span> <span class='ocrx_word' id='word_1_68' title='bbox 969 1353 1019 1412; x_wconf 78' lang='lat' dir='ltr'><strong>vel</strong></span> 
     </span>
     <span class='ocr_line' id='line_1_11' title="bbox 260 1441 1020 1524; baseline -0.007 -19"><span class='ocrx_word' id='word_1_69' title='bbox 260 1445 410 1524; x_wconf 77' lang='lat' dir='ltr'><strong>corporis?</strong></span> <span class='ocrx_word' id='word_1_70' title='bbox 423 1441 455 1502; x_wconf 91' lang='lat' dir='ltr'><strong>Si</strong></span> <span class='ocrx_word' id='word_1_71' title='bbox 472 1442 530 1500; x_wconf 88' lang='lat' dir='ltr'><strong>dici</strong></span> <span class='ocrx_word' id='word_1_72' title='bbox 546 1455 657 1520; x_wconf 89' lang='lat' dir='ltr'><strong>posset,</strong></span> <span class='ocrx_word' id='word_1_73' title='bbox 671 1443 750 1502; x_wconf 82' lang='lat' dir='ltr'>Nihss</span> <span class='ocrx_word' id='word_1_74' title='bbox 769 1443 895 1522; x_wconf 86' lang='lat' dir='ltr'><strong>aliquid,</strong></span> <span class='ocrx_word' id='word_1_75' title='bbox 909 1455 951 1515; x_wconf 89' lang='lat' dir='ltr'><strong>et,</strong></span> <span class='ocrx_word' id='word_1_76' title='bbox 966 1447 1020 1502; x_wconf 85' lang='lat' dir='ltr'><strong>Est</strong></span> 
     </span>
     <span class='ocr_line' id='line_1_12' title="bbox 259 1532 1019 1612; baseline -0.005 -16"><span class='ocrx_word' id='word_1_77' title='bbox 259 1557 318 1596; x_wconf 92' lang='lat' dir='ltr'><strong>non</strong></span> <span class='ocrx_word' id='word_1_78' title='bbox 345 1549 388 1595; x_wconf 90' lang='lat' dir='ltr'><strong>est</strong></span> <span class='ocrx_word' id='word_1_79' title='bbox 396 1536 420 1610; x_wconf 88' lang='lat'><strong>*,</strong></span> <span class='ocrx_word' id='word_1_80' title='bbox 439 1535 497 1592; x_wconf 83' lang='lat' dir='ltr'><strong>hoo</strong></span> <span class='ocrx_word' id='word_1_81' title='bbox 521 1553 585 1594; x_wconf 89' lang='lat' dir='ltr'><strong>eam</strong></span> <span class='ocrx_word' id='word_1_82' title='bbox 611 1534 758 1607; x_wconf 79' lang='lat' dir='ltr'><strong>dicerem3</strong></span> <span class='ocrx_word' id='word_1_83' title='bbox 782 1548 812 1593; x_wconf 90' lang='lat' dir='ltr'><strong>et</strong></span> <span class='ocrx_word' id='word_1_84' title='bbox 837 1548 934 1594; x_wconf 83' lang='lat' dir='ltr'><strong>tamen</strong></span> <span class='ocrx_word' id='word_1_85' title='bbox 956 1532 1019 1612; x_wconf 85' lang='lat' dir='ltr'><strong>jam</strong></span> 
     </span>
     <span class='ocr_line' id='line_1_13' title="bbox 259 1625 1017 1707; baseline -0.007 -20"><span class='ocrx_word' id='word_1_86' title='bbox 259 1641 420 1707; x_wconf 86' lang='lat' dir='ltr'><strong>utoumque</strong></span> <span class='ocrx_word' id='word_1_87' title='bbox 440 1637 517 1697; x_wconf 84' lang='lat' dir='ltr'><strong>erat,</strong></span> <span class='ocrx_word' id='word_1_88' title='bbox 534 1637 569 1682; x_wconf 91' lang='lat' dir='ltr'><strong>ut</strong></span> <span class='ocrx_word' id='word_1_89' title='bbox 583 1626 696 1704; x_wconf 82' lang='lat' dir='ltr'><strong>species</strong></span> <span class='ocrx_word' id='word_1_90' title='bbox 717 1638 835 1704; x_wconf 85' lang='lat' dir='ltr'><strong>caperet</strong></span> <span class='ocrx_word' id='word_1_91' title='bbox 855 1627 924 1684; x_wconf 87' lang='lat' dir='ltr'><strong>istas</strong></span> <span class='ocrx_word' id='word_1_92' title='bbox 945 1625 1017 1682; x_wconf 83' lang='lat' dir='ltr'><strong>visi-</strong></span> 
     </span>
     <span class='ocr_line' id='line_1_14' title="bbox 258 1714 587 1794; baseline -0.021 -15"><span class='ocrx_word' id='word_1_93' title='bbox 258 1719 334 1780; x_wconf 86' lang='lat' dir='ltr'><strong>biles</strong></span> <span class='ocrx_word' id='word_1_94' title='bbox 354 1731 384 1776; x_wconf 88' lang='lat' dir='ltr'><strong>et</strong></span> <span class='ocrx_word' id='word_1_95' title='bbox 402 1714 587 1794; x_wconf 85' lang='lat' dir='ltr'><strong>compositas.</strong></span> 
     </span>
    </p>
   </div>
   <div class='ocr_carea' id='block_1_3' title="bbox 493 1843 755 1949">
    <p class='ocr_par' dir='ltr' id='par_1_3' title="bbox 493 1843 755 1949">
     <span class='ocr_line' id='line_1_15' title="bbox 493 1843 755 1949; baseline 0.008 -5"><span class='ocrx_word' id='word_1_96' title='bbox 493 1843 495 1848; x_wconf 66' lang='grc'><strong>’</strong></span> <span class='ocrx_word' id='word_1_97' title='bbox 527 1882 660 1945; x_wconf 76' lang='lat' dir='ltr'><strong>capua</strong></span> <span class='ocrx_word' id='word_1_98' title='bbox 681 1885 755 1949; x_wconf 84' lang='lat' dir='ltr'><strong>vu.</strong></span> 
     </span>
    </p>
   </div>
   <div class='ocr_carea' id='block_1_4' title="bbox 259 2046 1018 2195">
    <p class='ocr_par' dir='ltr' id='par_1_4' title="bbox 259 2046 1018 2195">
     <span class='ocr_line' id='line_1_16' title="bbox 259 2046 1018 2115; baseline -0.003 -14"><span class='ocrx_word' id='word_1_99' title='bbox 259 2056 326 2115; x_wconf 72' lang='lat' dir='ltr'><strong>Deus</strong></span> <span class='ocrx_word' id='word_1_100' title='bbox 338 2049 395 2101; x_wconf 84' lang='lat' dir='ltr'><strong>lecit</strong></span> <span class='ocrx_word' id='word_1_101' title='bbox 405 2048 435 2112; x_wconf 83' lang='lat' dir='ltr'><strong>de</strong></span> <span class='ocrx_word' id='word_1_102' title='bbox 451 2047 528 2098; x_wconf 80' lang='lat' dir='ltr'><strong>nihilo</strong></span> <span class='ocrx_word' id='word_1_103' title='bbox 541 2047 641 2109; x_wconf 84' lang='lat' dir='ltr'><strong>ooelum,</strong></span> <span class='ocrx_word' id='word_1_104' title='bbox 657 2046 682 2096; x_wconf 92' lang='lat' dir='ltr'><strong>id</strong></span> <span class='ocrx_word' id='word_1_105' title='bbox 697 2057 734 2098; x_wconf 88' lang='lat' dir='ltr'><strong>est</strong></span> <span class='ocrx_word' id='word_1_106' title='bbox 750 2047 867 2114; x_wconf 78' lang='lat' dir='ltr'><strong>Angelot3</strong></span> <span class='ocrx_word' id='word_1_107' title='bbox 878 2057 904 2098; x_wconf 85' lang='lat' dir='ltr'><strong>ot</strong></span> <span class='ocrx_word' id='word_1_108' title='bbox 914 2056 1018 2110; x_wconf 72' lang='lat' dir='ltr'><strong>temam,</strong></span> 
     </span>
     <span class='ocr_line' id='line_1_17' title="bbox 454 2128 821 2195; baseline 0.005 -17"><span class='ocrx_word' id='word_1_109' title='bbox 454 2128 480 2195; x_wconf 78' lang='lat' dir='ltr'><strong>id</strong></span> <span class='ocrx_word' id='word_1_110' title='bbox 496 2137 533 2180; x_wconf 88' lang='lat' dir='ltr'><strong>est</strong></span> <span class='ocrx_word' id='word_1_111' title='bbox 548 2129 676 2184; x_wconf 82' lang='lat' dir='ltr'><strong>informem</strong></span> <span class='ocrx_word' id='word_1_112' title='bbox 689 2129 821 2180; x_wconf 77' lang='lat' dir='ltr'><strong>materiam.</strong></span> 
     </span>
    </p>
   </div>
   <div class='ocr_carea' id='block_1_5' title="bbox 259 2276 1042 3168">
    <p class='ocr_par' dir='ltr' id='par_1_5' title="bbox 259 2276 1042 3168">
     <span class='ocr_line' id='line_1_18' title="bbox 302 2276 1019 2354; baseline 0 -18"><span class='ocrx_word' id='word_1_113' title='bbox 302 2281 329 2336; x_wconf 84' lang='lat'><strong>7.</strong></span> <span class='ocrx_word' id='word_1_114' title='bbox 344 2283 381 2335; x_wconf 89' lang='lat' dir='ltr'><strong>Et</strong></span> <span class='ocrx_word' id='word_1_115' title='bbox 395 2277 473 2335; x_wconf 90' lang='lat' dir='ltr'><strong>uude</strong></span> <span class='ocrx_word' id='word_1_116' title='bbox 487 2290 647 2354; x_wconf 87' lang='lat' dir='ltr'><strong>utcumque</strong></span> <span class='ocrx_word' id='word_1_117' title='bbox 663 2291 736 2350; x_wconf 84' lang='lat' dir='ltr'><strong>erat,</strong></span> <span class='ocrx_word' id='word_1_118' title='bbox 750 2279 806 2337; x_wconf 90' lang='lat' dir='ltr'><strong>nisi</strong></span> <span class='ocrx_word' id='word_1_119' title='bbox 820 2290 895 2336; x_wconf 82' lang='lat' dir='ltr'><strong>esset</strong></span> <span class='ocrx_word' id='word_1_120' title='bbox 909 2276 961 2336; x_wconf 88' lang='lat' dir='ltr'><strong>abs</strong></span> <span class='ocrx_word' id='word_1_121' title='bbox 979 2291 1019 2350; x_wconf 87' lang='lat' dir='ltr'><strong>te,</strong></span> 
     </span>
     <span class='ocr_line' id='line_1_19' title="bbox 260 2364 1019 2446; baseline -0.005 -18"><span class='ocrx_word' id='word_1_122' title='bbox 260 2391 278 2428; x_wconf 83' lang='lat' dir='ltr'><strong>a</strong></span> <span class='ocrx_word' id='word_1_123' title='bbox 291 2387 350 2445; x_wconf 91' lang='lat' dir='ltr'><strong>quo</strong></span> <span class='ocrx_word' id='word_1_124' title='bbox 361 2376 429 2424; x_wconf 89' lang='lat' dir='ltr'><strong>sunt</strong></span> <span class='ocrx_word' id='word_1_125' title='bbox 439 2364 539 2427; x_wconf 73' lang='lat' dir='ltr'><strong>,omnia</strong></span> <span class='ocrx_word' id='word_1_126' title='bbox 549 2365 852 2446; x_wconf 84' lang='lat' dir='ltr'><strong>inquantumcumque</strong></span> <span class='ocrx_word' id='word_1_127' title='bbox 866 2368 951 2424; x_wconf 74' lang='lat' dir='ltr'><strong>sunt?</strong></span> <span class='ocrx_word' id='word_1_128' title='bbox 960 2366 1019 2425; x_wconf 85' lang='lat' dir='ltr'><strong>Sed</strong></span> 
     </span>
     <span class='ocr_line' id='line_1_20' title="bbox 260 2455 1019 2536; baseline -0.001 -18"><span class='ocrx_word' id='word_1_129' title='bbox 260 2470 340 2518; x_wconf 88' lang='lat' dir='ltr'><strong>tauto</strong></span> <span class='ocrx_word' id='word_1_130' title='bbox 359 2475 375 2515; x_wconf 91' lang='lat' dir='ltr'><strong>a</strong></span> <span class='ocrx_word' id='word_1_131' title='bbox 396 2467 424 2513; x_wconf 88' lang='lat' dir='ltr'><strong>te</strong></span> <span class='ocrx_word' id='word_1_132' title='bbox 445 2455 572 2534; x_wconf 51' lang='lat' dir='ltr'><strong>tonnus,</strong></span> <span class='ocrx_word' id='word_1_133' title='bbox 594 2468 705 2533; x_wconf 88' lang='lat' dir='ltr'><strong>quanto</strong></span> <span class='ocrx_word' id='word_1_134' title='bbox 722 2458 906 2530; x_wconf 82' lang='lat' dir='ltr'><strong>dissimilius3</strong></span> <span class='ocrx_word' id='word_1_135' title='bbox 922 2477 1019 2536; x_wconf 86' lang='lat' dir='ltr'><strong>neque</strong></span> 
     </span>
     <span class='ocr_line' id='line_1_21' title="bbox 260 2547 1019 2626; baseline -0.004 -17"><span class='ocrx_word' id='word_1_136' title='bbox 260 2550 337 2609; x_wconf 87' lang='lat' dir='ltr'><strong>enim</strong></span> <span class='ocrx_word' id='word_1_137' title='bbox 351 2547 432 2608; x_wconf 81' lang='lat' dir='ltr'><strong>lacis.</strong></span> <span class='ocrx_word' id='word_1_138' title='bbox 448 2550 551 2624; x_wconf 85' lang='lat' dir='ltr'><strong>Itaque</strong></span> <span class='ocrx_word' id='word_1_139' title='bbox 565 2559 607 2619; x_wconf 88' lang='lat' dir='ltr'><strong>tu,</strong></span> <span class='ocrx_word' id='word_1_140' title='bbox 619 2547 754 2621; x_wconf 82' lang='lat' dir='ltr'><strong>Domine,</strong></span> <span class='ocrx_word' id='word_1_141' title='bbox 765 2549 816 2626; x_wconf 94' lang='lat' dir='ltr'><strong>qui</strong></span> <span class='ocrx_word' id='word_1_142' title='bbox 830 2568 889 2607; x_wconf 90' lang='lat' dir='ltr'><strong>non</strong></span> <span class='ocrx_word' id='word_1_143' title='bbox 903 2569 934 2608; x_wconf 90' lang='lat' dir='ltr'><strong>es</strong></span> <span class='ocrx_word' id='word_1_144' title='bbox 943 2548 1019 2606; x_wconf 50' lang='lat' dir='ltr'><strong>¹alias</strong></span> 
     </span>
     <span class='ocr_line' id='line_1_22' title="bbox 260 2637 1042 2717; baseline -0.005 -17"><span class='ocrx_word' id='word_1_145' title='bbox 260 2639 361 2700; x_wconf 70' lang='lat' dir='ltr'><strong>aliudl</strong></span> <span class='ocrx_word' id='word_1_146' title='bbox 376 2651 406 2697; x_wconf 86' lang='lat' dir='ltr'><strong>et</strong></span> <span class='ocrx_word' id='word_1_147' title='bbox 425 2637 494 2697; x_wconf 83' lang='lat' dir='ltr'><strong>alias</strong></span> <span class='ocrx_word' id='word_1_148' title='bbox 516 2637 611 2709; x_wconf 82' lang='lat' dir='ltr'><strong>aliter,</strong></span> <span class='ocrx_word' id='word_1_149' title='bbox 627 2637 678 2696; x_wconf 85' lang='lat' dir='ltr'><strong>sed</strong></span> <span class='ocrx_word' id='word_1_150' title='bbox 697 2637 824 2717; x_wconf 90' lang='lat' dir='ltr'><strong>idipsum</strong></span> <span class='ocrx_word' id='word_1_151' title='bbox 841 2651 871 2697; x_wconf 86' lang='lat' dir='ltr'><strong>et</strong></span> <span class='ocrx_word' id='word_1_152' title='bbox 888 2639 1019 2717; x_wconf 81' lang='lat' dir='ltr'><strong>idipsum</strong></span> <span class='ocrx_word' id='word_1_153' title='bbox 1039 2674 1042 2678; x_wconf 91' lang='lat'><em>-</em></span> 
     </span>
     <span class='ocr_line' id='line_1_23' title="bbox 261 2731 1016 2809; baseline -0.004 -18"><span class='ocrx_word' id='word_1_154' title='bbox 261 2747 290 2792; x_wconf 89' lang='lat' dir='ltr'><strong>et</strong></span> <span class='ocrx_word' id='word_1_155' title='bbox 306 2731 448 2809; x_wconf 90' lang='lat' dir='ltr'><strong>idipsum,</strong></span> <span class='ocrx_word' id='word_1_156' title='bbox 466 2733 596 2802; x_wconf 83' lang='lat' dir='ltr'><strong>Sanetus,</strong></span> <span class='ocrx_word' id='word_1_157' title='bbox 609 2731 743 2802; x_wconf 86' lang='lat' dir='ltr'><strong>Sanctus,</strong></span> <span class='ocrx_word' id='word_1_158' title='bbox 760 2734 890 2801; x_wconf 84' lang='lat' dir='ltr'><strong>Sanctus,</strong></span> <span class='ocrx_word' id='word_1_159' title='bbox 911 2731 1016 2788; x_wconf 80' lang='lat' dir='ltr'><strong>Domi.-</strong></span> 
     </span>
     <span class='ocr_line' id='line_1_24' title="bbox 259 2819 1018 2899; baseline -0.004 -18"><span class='ocrx_word' id='word_1_160' title='bbox 259 2844 315 2882; x_wconf 89' lang='lat' dir='ltr'><strong>nus</strong></span> <span class='ocrx_word' id='word_1_161' title='bbox 331 2823 411 2881; x_wconf 89' lang='lat' dir='ltr'><strong>Deus</strong></span> <span class='ocrx_word' id='word_1_162' title='bbox 427 2821 643 2899; x_wconf 69' lang='lat' dir='ltr'><strong>omnipotens13</strong></span> <span class='ocrx_word' id='word_1_163' title='bbox 660 2823 690 2878; x_wconf 90' lang='lat' dir='ltr'><strong>in</strong></span> <span class='ocrx_word' id='word_1_164' title='bbox 708 2821 856 2899; x_wconf 84' lang='lat' dir='ltr'><strong>Principio</strong></span> <span class='ocrx_word' id='word_1_165' title='bbox 875 2819 955 2899; x_wconf 90' lang='lat' dir='ltr'><strong>quod</strong></span> <span class='ocrx_word' id='word_1_166' title='bbox 972 2832 1018 2878; x_wconf 87' lang='lat' dir='ltr'><strong>est</strong></span> 
     </span>
     <span class='ocr_line' id='line_1_25' title="bbox 260 2910 1018 2989; baseline 0 -19"><span class='ocrx_word' id='word_1_167' title='bbox 260 2913 297 2971; x_wconf 89' lang='lat' dir='ltr'><strong>‹le</strong></span> <span class='ocrx_word' id='word_1_168' title='bbox 316 2925 355 2983; x_wconf 87' lang='lat' dir='ltr'><strong>te,</strong></span> <span class='ocrx_word' id='word_1_169' title='bbox 374 2912 405 2968; x_wconf 89' lang='lat' dir='ltr'><strong>in</strong></span> <span class='ocrx_word' id='word_1_170' title='bbox 421 2911 565 2989; x_wconf 86' lang='lat' dir='ltr'><strong>Sapientia</strong></span> <span class='ocrx_word' id='word_1_171' title='bbox 587 2924 637 2970; x_wconf 89' lang='lat' dir='ltr'><strong>tua</strong></span> <span class='ocrx_word' id='word_1_172' title='bbox 655 2931 720 2988; x_wconf 84' lang='lat' dir='ltr'><strong>quae</strong></span> <span class='ocrx_word' id='word_1_173' title='bbox 740 2925 809 2972; x_wconf 86' lang='lat' dir='ltr'><strong>nata</strong></span> <span class='ocrx_word' id='word_1_174' title='bbox 828 2925 871 2971; x_wconf 84' lang='lat' dir='ltr'><strong>est</strong></span> <span class='ocrx_word' id='word_1_175' title='bbox 889 2912 927 2970; x_wconf 85' lang='lat' dir='ltr'><strong>de</strong></span> <span class='ocrx_word' id='word_1_176' title='bbox 945 2910 1018 2970; x_wconf 90' lang='lat' dir='ltr'><strong>sub-</strong></span> 
     </span>
     <span class='ocr_line' id='line_1_26' title="bbox 260 3000 1018 3079; baseline -0.003 -19"><span class='ocrx_word' id='word_1_177' title='bbox 260 3001 366 3060; x_wconf 88' lang='lat' dir='ltr'><strong>stantia</strong></span> <span class='ocrx_word' id='word_1_178' title='bbox 379 3014 444 3072; x_wconf 87' lang='lat' dir='ltr'><strong>tua,</strong></span> <span class='ocrx_word' id='word_1_179' title='bbox 460 3001 555 3059; x_wconf 74' lang='lat' dir='ltr'><strong>fecisti</strong></span> <span class='ocrx_word' id='word_1_180' title='bbox 570 3000 681 3079; x_wconf 83' lang='lat' dir='ltr'><strong>aliquid</strong></span> <span class='ocrx_word' id='word_1_181' title='bbox 698 3014 728 3060; x_wconf 89' lang='lat' dir='ltr'><strong>et</strong></span> <span class='ocrx_word' id='word_1_182' title='bbox 743 3001 779 3060; x_wconf 92' lang='lat' dir='ltr'><strong>de</strong></span> <span class='ocrx_word' id='word_1_183' title='bbox 796 3001 898 3060; x_wconf 86' lang='lat' dir='ltr'><strong>nihilo.</strong></span> <span class='ocrx_word' id='word_1_184' title='bbox 912 3001 1018 3060; x_wconf 85' lang='lat' dir='ltr'><strong>Fecisti</strong></span> 
     </span>
     <span class='ocr_line' id='line_1_27' title="bbox 260 3091 1019 3168; baseline -0.001 -18"><span class='ocrx_word' id='word_1_185' title='bbox 260 3093 340 3150; x_wconf 89' lang='lat' dir='ltr'><strong>enim</strong></span> <span class='ocrx_word' id='word_1_186' title='bbox 357 3091 461 3150; x_wconf 85' lang='lat' dir='ltr'><strong>coelum</strong></span> <span class='ocrx_word' id='word_1_187' title='bbox 481 3103 510 3150; x_wconf 90' lang='lat' dir='ltr'><strong>et</strong></span> <span class='ocrx_word' id='word_1_188' title='bbox 526 3103 650 3164; x_wconf 81' lang='lat' dir='ltr'><strong>terram3</strong></span> <span class='ocrx_word' id='word_1_189' title='bbox 664 3111 722 3152; x_wconf 90' lang='lat' dir='ltr'><strong>non</strong></span> <span class='ocrx_word' id='word_1_190' title='bbox 738 3091 775 3151; x_wconf 86' lang='lat' dir='ltr'><strong>de</strong></span> <span class='ocrx_word' id='word_1_191' title='bbox 788 3106 839 3150; x_wconf 77' lang='lat' dir='ltr'><strong>te:</strong></span> <span class='ocrx_word' id='word_1_192' title='bbox 858 3111 925 3168; x_wconf 86' lang='lat' dir='ltr'><strong>nam</strong></span> <span class='ocrx_word' id='word_1_193' title='bbox 944 3102 1019 3150; x_wconf 82' lang='lat' dir='ltr'><strong>esset</strong></span> 
     </span>
    </p>
   </div>
   <div class='ocr_carea' id='block_1_6' title="bbox 298 3258 462 3323">
    <p class='ocr_par' dir='ltr' id='par_1_6' title="bbox 298 3258 462 3323">
     <span class='ocr_line' id='line_1_28' title="bbox 298 3258 462 3323; baseline 0 -15"><span class='ocrx_word' id='word_1_194' title='bbox 298 3258 373 3319; x_wconf 56' lang='lat' dir='ltr'><strong>eloai.</strong></span> <span class='ocrx_word' id='word_1_195' title='bbox 386 3274 425 3319; x_wconf 71' lang='lat' dir='ltr'><strong>yx,</strong></span> <span class='ocrx_word' id='word_1_196' title='bbox 438 3263 462 3323; x_wconf 37' lang='grc'><strong>3,.</strong></span> 
     </span>
    </p>
   </div>
   <div class='ocr_carea' id='block_1_7' title="bbox 0 0 1180 4094">
    <p class='ocr_par' dir='ltr' id='par_1_7' title="bbox 0 0 1180 4094">
     <span class='ocr_line' id='line_1_29' title="bbox 0 0 1180 4094; baseline 0 0"><span class='ocrx_word' id='word_1_197' title='bbox 0 0 1180 4094; x_wconf 95' lang='lat' dir='ltr'><strong> </strong></span> 
     </span>
    </p>
   </div>
  </div>
 </body>
</html>
