2316 4020
325 461 573 514 comsstomtts
589 463 684 543 utana
702 465 733 510 V.
857 466 902 512 131

148 561 300 620 manahat
321 560 390 619 uns
405 561 485 638 punt
500 573 577 620 sunt.
594 542 731 620 imum
749 575 845 619 nmen
860 581 906 620 aa

147 671 213 710 rum
235 651 407 708 familiarius
428 651 542 722 utebar,
560 669 648 728 quam
665 665 838 713 caterorum
856 651 907 710 ha

148 742 260 798 minum
274 740 326 816 qui
338 741 369 798 in
381 740 430 798 illa
443 741 547 800 haresi
558 752 623 796 nont
629 734 757 800 fuissent.
770 745 830 800 Nec
842 760 906 799 eam

148 827 343 887 defendebam
369 829 490 906 pristina
519 829 718 902 animositate3
738 831 789 889 sed
810 844 906 890 tamen
953 835 956 842 ’

148 920 328 978 familiaritas
349 939 449 979 eorum
456 911 578 998 y(plures
592 921 668 978 enim
683 941 734 980 eos
746 927 838 980 Roma
855 943 907 984 ec-

150 999 379 1108 cultat‚)pigrius
390 1029 437 1068 me
450 1007 574 1068 iaciebat
588 1011 669 1068 aliud
679 1031 824 1088 quarere3
834 1031 907 1092 prae-

149 1100 249 1158 sertim
272 1099 475 1176 desperantem
492 1099 524 1156 in
549 1101 680 1162 Ecclesia
700 1115 764 1172 tua,
783 1103 907 1160 Domine

149 1190 214 1250 coeli
233 1202 264 1248 et
285 1202 383 1259 terrae,
405 1173 520 1246 creator
546 1190 676 1252 omnium
699 1190 857 1250 visibilium
879 1204 909 1248 et

147 1277 355 1352 invisibilium,
378 1297 463 1358 posse
480 1279 605 1340 inveniri
627 1299 741 1353 verum,
761 1281 839 1339 unde
862 1301 907 1339 me

147 1368 192 1428 illi
208 1381 378 1428 averterant
399 1389 406 1425 a
426 1354 609 1448 multumque
627 1371 698 1430 mihi
719 1384 804 1448 turpe
820 1370 907 1428 vide

148 1456 248 1530 batur,
259 1457 381 1517 credere
392 1459 515 1536 figuram
530 1469 558 1516 te
573 1458 682 1518 habere
699 1459 834 1518 humanas
848 1478 909 1516 car-

149 1549 194 1606 nis
202 1589 210 1619 ,
218 1561 255 1606 *et
264 1545 465 1606 membrorum
477 1560 642 1606 nostrorum
654 1549 833 1608 lineamentis
843 1565 909 1608 cor·

151 1636 303 1713 paralibus
320 1636 478 1696 terminari.
499 1641 535 1694 Et
552 1637 690 1713 quoniam
709 1657 776 1695 cum
790 1637 827 1694 dc
845 1641 909 1694 Dec

152 1745 219 1788 mco
235 1727 364 1804 cogitare
381 1726 487 1784 vellem
492 1767 502 1797 ,
516 1725 645 1802 cogitare
660 1727 715 1784 nisi
733 1727 825 1800 moles
843 1743 910 1782 cor·

152 1833 260 1892 potum
281 1834 341 1872 uon
363 1833 502 1883 novaram
511 1813 636 1888 ‚ineque
655 1813 733 1870 enim
755 1811 911 1870 videbatur

151 1902 225 1964 mihi
245 1919 309 1962 esse
332 1900 491 1977 quidquam
511 1885 591 1976 quod
610 1901 667 1960 tale
686 1921 747 1957 non
767 1913 866 1970 essent
877 1919 911 1958 ea

152 1990 282 2053 maxima
297 2001 328 2048 et
345 2007 440 2064 prope
460 1987 521 2047 sola
544 1996 631 2046 caula
652 1999 715 2046 erat
735 1985 911 2046 ineuitabilis

153 2079 263 2144 emeris
284 2076 352 2138 mei.

194 2168 244 2228 20.
257 2166 333 2228 Hinc
346 2165 424 2227 euim
436 2177 466 2222 et
475 2165 544 2226 mali
556 2159 744 2228 substantiam
755 2165 912 2242 qnamdam

155 2253 314 2319 credebam
330 2273 393 2314 esse
411 2253 511 2324 talem,
528 2245 558 2312 et
577 2253 687 2314 habere
709 2273 791 2314 suam
806 2254 924 2314 molem.

155 2354 264 2406 tetram
279 2343 500 2413 et'deformern3
514 2342 575 2402 sive
592 2361 734 2414 crassam,
747 2335 838 2421 'quam
853 2355 912 2402 ter-

156 2454 220 2496 ram
229 2432 377 2503 dicebaut,
387 2432 448 2490 sive
459 2439 575 2491 tenuem
585 2444 672 2509 atque
681 2431 829 2502 subtilem,
839 2431 914 2492 sicut

157 2535 201 2584 eat
216 2522 293 2582 aeris
301 2512 428 2599 ‘corpusi
443 2541 533 2598 quam
548 2520 701 2599 malignam
719 2531 843 2581 mentem
861 2539 914 2596 per

155 2612 236 2673 illam
263 2625 369 2671 terram
393 2623 542 2688 repentem
568 2609 769 2686 imaginantur.
791 2611 827 2664 Et
847 2607 915 2683 quia

157 2705 254 2763 Deum
267 2701 378 2760 bonum
391 2700 622 2764 nullam-malam
631 2709 774 2757 -naturam
788 2694 914 2767 creasse,

159 2790 379 2868 qualiscumque
393 2789 484 2866 pietas
499 2807 545 2846 me
556 2786 677 2846 credere
692 2782 831 2862 cogeban
844 2803 916 2844 ccu-
974 2815 982 2836 ·.

157 2869 318 2942 satuebml‘
327 2869 508 2946 'ex-‹adverso
527 2876 584 2938 sibi
599 2876 671 2938 duas
685 2876 775 2934 moles
783 2918 792 2947 ,
804 2885 915 2935 utram-

159 2991 216 3048 que
240 2970 397 3042 inlinitam,
414 2969 466 3028 sed
490 2969 595 3028 malam
621 2967 787 3046 augustius,
808 2965 916 3026 basam

159 3061 306 3138 grandius.
331 3063 368 3116 Et
392 3079 428 3116 ex
453 3057 843 3136 hoc-initic-pestilentioso
870 3075 916 3112 me

161 3163 266 3210 caetera
285 3148 439 3226 sacrilegia·
452 3147 655 3227 sequebantur.
680 3151 752 3208 Cum
771 3148 847 3204 enim
866 3161 916 3202 co-

224 3384 419 3442 t'lce··rt=·t“''³·
456 3404 483 3438 μ’
552 3388 567 3409 “’
