2354 4034
237 491 289 539 loz
396 523 399 528 -
420 490 446 536 S.
465 487 646 536 Aueusrrru
663 488 808 537 EPISGOPI

236 590 331 649 cando
345 601 386 660 te,
407 607 463 646 ore
481 586 706 665 erumpentibus
723 600 811 666 atque
829 587 1002 650 sonantibus

236 682 339 762 signis,
356 693 390 740 ut
404 680 582 758 respondeat
599 681 862 758 populuspbmen.
883 680 1002 755 Quibus

236 771 372 832 omnibus
404 770 528 830 vocibus
566 770 759 848 corporaliter
793 770 1000 844 enuntiandis,

237 883 324 922 causa
345 876 389 922 est
407 862 529 940 abyssus
555 861 671 933 sacculi,
692 873 721 920 et
743 861 860 920 caecit'as
885 863 1000 935 earnm,

238 954 314 1033 qun*
330 953 455 1031 cogitata
473 953 531 1010 non
544 963 665 1029 possunt
686 951 846 1023 videri,·ut
867 971 943 1030 opus
963 953 1002 1012 sit

236 1044 439 1122 instrepere'in
451 1042 594 1101 auribus:
607 1043 649 1100 ite
658 1042 793 1122 quemvis
802 1042 1002 1120 multiplicen-

239 1149 287 1194 tur
298 1135 429 1193 volatilia
436 1150 530 1212 super
539 1147 663 1204 terrem,
675 1153 713 1201 en
727 1133 810 1210 aquis
824 1143 920 1192 tannen
937 1135 1003 1193 ori-

237 1228 332 1304 ginem
348 1225 599 1284 ducunc'luelicat
614 1225 701 1284 etiam
716 1225 883 1302 spiritualis,
892 1241 1003 1303 'oppro-

238 1317 336 1376 bando
352 1318 432 1394 quod
447 1329 574 1388 rectum,
589 1315 787 1394 improbando
803 1330 900 1384 autem
919 1317 1003 1395 quod

238 1427 394 1488 perperam
405 1409 549 1468 inuenerit
561 1409 592 1466 in
609 1408 748 1486 operibus
760 1407 950 1486 moribusque
964 1409 1004 1466 fi-

240 1501 366 1572 delium,
380 1497 577 1578 elecmosynis·
591 1513 729 1577 tanquam
741 1502 822 1558 'terra
835 1499 1002 1572 fructifera,

239 1606 268 1653 et
291 1581 333 1652 dc⁴
345 1594 442 1652 anima
460 1595 528 1652 viva
552 1593 755 1651 mansuefactis
774 1591 1001 1663 allectionibus,

239 1687 268 1744 in
281 1687 426 1758 castitate,
442 1687 473 1744 in
491 1684 622 1763 jejuniis,
640 1685 672 1741 in
690 1682 914 1762 cogitationibus
928 1683 1002 1761 piis,

240 1778 277 1836 de
295 1777 330 1836 iis
344 1797 409 1854 quae
430 1796 484 1854 per
497 1795 614 1846 sensum
635 1775 766 1852 corporis
786 1773 1001 1852 percipiuntur.

240 1873 285 1927 De
296 1868 341 1926 his
357 1869 436 1928 enim
447 1867 581 1945 judicare
595 1887 672 1924 nunc
692 1867 817 1938 dicitur,
835 1866 873 1923 iu
891 1864 1004 1942 quibis

241 1971 270 2014 et
289 1970 464 2036 potestatem
487 1956 653 2034 corrigendi
675 1955 774 2031 hebet.
835 1987 836 1990 ¹

479 2145 614 2208 CAPUT
634 2143 756 2208 XXIV.

241 2324 270 2379 m
283 2327 312 2386 i.
330 2334 361 2380 28
378 2335 432 2380 :Et
444 2327 569 2380 benedixit
583 2346 625 2379 eos
636 2331 704 2380 Deus
726 2327 816 2389 dicens,
837 2332 939 2388 Crescite
955 2342 1005 2392 etc

281 2502 330 2560 35.
347 2499 403 2562 Sed
423 2501 496 2580 quid
516 2514 559 2560 est
578 2503 650 2575 boc,
669 2516 701 2560 'et
724 2503 811 2582 quale
832 2505 1003 2581 mysterium

241 2595 305 2650 est?
326 2591 401 2652 Eece
425 2592 577 2658 benedicis
594 2593 743 2665 homines,
763 2614 786 2652 o
808 2593 955 2668 Domino„
969 2609 1004 2654 ut

241 2698 373 2743 crescent
388 2683 417 2744 et
431 2685 673 2763 multiplicentur,
688 2697 717 2743 et
730 2684 877 2763 impleant
885 2697 1004 2748 terram

242 2771 358 2833 Nihilne
380 2775 465 2834 nobis
494 2793 531 2838 ex
551 2775 608 2833 hoc
624 2775 730 2833 'innuis
751 2787 784 2832 ut
800 2775 1005 2855 intelligamus

243 2865 372 2941 aliquid?
385 2869 445 2924 Cur
462 2887 521 2924 non
540 2867 581 2925 ita
601 2865 788 2926 benedixeris
802 2867 898 2925 lucem
914 2887 1003 2944 quam

242 2957 352 3014 vocasti
371 2951 468 3030 iliem,
484 2977 539 3016 nec
558 2951 772 3016 firmamentum
787 2959 872 3031 coeli‚'
882 2976 939 3017 nec
952 2959 1003 3018 lu·-

241 3048 382 3122 minuria,
394 3069 447 3108 nec
462 3051 635 3122 sidera‚nec
644 3063 767 3124 terram,
777 3071 831 3110 nec
843 3052 942 3110 marei
954 3052 1005 3110 ni-

241 3161 337 3202 cerem
359 3154 405 3213 te,
431 3147 511 3200 Deus
525 3156 624 3201 noster
647 3144 768 3221 quinos
789 3142 827 3200 ad
847 3142 1004 3219 imaginem

242 3244 321 3291 tuam
336 3231 454 3305 creasti,
475 3231 604 3295 dicerem
624 3246 654 3292 tc
676 3233 732 3291 hoc
753 3233 863 3293 donum
878 3231 1004 3299 benedi-
