2356 4018
191 451 193 456 ’
240 435 305 520 'aro
435 455 463 506 ¹s.
484 451 663 502 auensrnu
682 432 824 501 uruuoer

253 575 311 632 que
329 573 346 611 a
365 568 393 612 te
410 553 528 613 subdita
547 551 735 632 parentibus,
748 569 838 629 quam
850 569 867 610 a
881 554 1011 632 parenti·

253 645 309 704 bus
320 644 387 715 tibi,
400 643 452 703 ubi
467 643 560 723 plenis
573 641 656 701 aunis
669 641 779 700 nubilis
792 642 868 700 iacta
882 655 941 715 est,
955 655 1011 704 tra-

255 736 315 795 dita
325 737 392 794 viro
404 735 526 794 servivit
534 734 625 793 veluti
638 733 776 806 dominos
786 745 816 791 et
828 735 932 812 sategit
943 753 1011 794 euru

254 827 363 885 lucrari
377 826 447 898 tibi,
463 827 586 903 loqueos
599 837 628 882 tc
648 825 691 886 illi
707 823 840 884 moribus
854 826 929 896 suis,
940 827 1010 904 qui-

254 917 310 976 bus
324 935 387 974 eum
400 915 554 994 pulchram
566 913 705 984 faciebas,
716 925 745 971 et
757 925 925 972 reverenter
936 931 1013 972 ama·

255 1007 345 1066 bilem
364 1020 453 1083 atque
468 1004 633 1063 mirabilem
645 1005 721 1063 viro.
735 1005 780 1062 Ita
794 1017 892 1062 autem
907 1005 1013 1064 tolera-

255 1099 299 1155 vit
317 1095 423 1154 cubilis
433 1127 435 1134 >
445 1094 583 1172 iujurias,
604 1107 638 1151 ut
651 1093 762 1152 nullam
777 1093 813 1151 de
827 1093 883 1152 hac
898 1111 932 1152 re
946 1109 1013 1150 cum

257 1187 362 1244 marito
375 1184 497 1243 haberet
513 1173 841 1260 unquam‘simulutem.
857 1183 1014 1262 Exspecta-

256 1277 308 1335 bet
326 1277 403 1334 euim
424 1271 655 1333 misericordiam
677 1285 758 1330 tuam
777 1291 865 1349 super
886 1291 966 1343 eum,
981 1284 1015 1330 ut

257 1369 288 1425 in
307 1380 336 1424 te
350 1366 470 1425 credens
484 1365 703 1424 castificaretur.
716 1367 786 1422 Erat
796 1383 868 1421 vero
879 1362 929 1423 ille
941 1383 1015 1442 prae·

258 1471 350 1540 terea,
376 1457 453 1515 sicut
472 1455 679 1514 benevolentia
705 1454 886 1532 praecipuus,
906 1455 947 1512 ita
970 1455 1015 1512 ira

207 1548 210 1556 ’
259 1548 396 1606 les-vidus.
414 1546 469 1608 Sed
487 1549 610 1604 noverat
629 1543 693 1602 haec
711 1563 771 1602 uon
788 1543 922 1602 resistere
938 1543 1015 1602 irato

177 1643 179 1646 ’
259 1637 409 1709 vird,·non
426 1636 539 1695 tantum
553 1637 647 1706 iacto,
662 1634 713 1693 sed
727 1633 870 1704 neverbo
883 1633 1013 1712 quidem.

258 1715 322 1790 lam
331 1741 407 1787 ‘vero
422 1727 547 1786 refracto
559 1738 587 1784 et
604 1726 720 1802 quieto,
735 1744 802 1783 oum
815 1733 1015 1802 opportunum

257 1820 385 1891 videret,
404 1817 548 1875 rationem
567 1813 636 1873 sacti
655 1815 700 1874 sui
721 1814 875 1886 reddebat,
892 1815 917 1873 si
940 1816 1016 1874 forte

259 1911 307 1968 illc
319 1905 561 1967 inconsideratius
577 1917 738 1963 commotus
750 1905 855 1964 fuerat.
868 1906 1016 1984 Denique,

260 2019 327 2058 cum
346 2011 485 2057 matronae
505 1997 609 2072 multae·
621 1991 746 2073 quarum
765 1995 822 2054 viri
840 1997 1016 2080 mansuetio-

260 2111 306 2150 res
319 2101 409 2160 erant,
421 2089 573 2166 plagarum
584 2086 717 2163 vestigia,
729 2086 816 2144 etiam
829 2085 1018 2146 dehonestata

261 2181 336 2238 facie
356 2190 503 2256 gererent3
516 2177 593 2235 iuter
613 2177 714 2234 amica‘
721 2177 873 2254 ¹colloquia
891 2176 948 2235 illae
966 2195 1016 2236 ar-

261 2267 388 2346 guebant
398 2266 570 2324 maritorum
577 2265 682 2336 vitam,
692 2265 755 2324 haec
767 2285 869 2338 earum
877 2267 1016 2344 linguam,

261 2359 351 2417 veluti
365 2377 419 2434 per
436 2355 538 2433 jocum
558 2356 687 2434 graviter
704 2356 881 2434 admonens,
902 2375 938 2417 ex
958 2378 1017 2436 quo

261 2451 324 2508 illas
344 2447 459 2508 tabulas
475 2465 541 2525 quae
560 2447 789 2507 matrimoniales
804 2458 956 2520 vocantur,
974 2469 1018 2508 re·

263 2541 346 2600 citari
361 2539 523 2611 audissent,
540 2545 679 2617 tanqum
699 2539 894 2614 instrumenta
910 2539 1018 2618 quibus

263 2633 373 2693 ancillae
395 2632 478 2692 factas
502 2643 611 2702 essent,
631 2629 773 2709 deputare
788 2629 1019 2709 debuisse3'pro

261 2723 330 2783 inde
343 2741 486 2782 memores
508 2721 692 2792 conditionis,
707 2716 860 2799 superbire
878 2721 1018 2780 adversus

264 2813 396 2870 domitios
422 2832 481 2869 uon
510 2823 655 2889 oportere.
682 2813 814 2886 Cumque
841 2809 1019 2871 mirarentur

263 2901 319 2958 illae
332 2901 453 2958 scientes
468 2919 557 2977 quam
571 2899 698 2966 ferocem
719 2897 873 2976 conjugem
891 2900 1018 2958 sustiue-

263 3001 322 3062 ret,
336 3007 486 3065 uunquam
501 2988 589 3046 firisse
602 2987 749 3059 auditum,
764 2999 815 3046 aut
828 2988 927 3066 aliquo
945 2988 1020 3047 indi·
1077 2981 1078 2986 ἵ

264 3079 308 3138 cio
321 3078 465 3150 claruisse,
477 3077 558 3157 quod
571 3077 713 3136 Patricius
728 3077 866 3137 ceciderit
879 3097 1018 3153 uxorem,

264 3181 314 3227 aut
327 3167 407 3247 quod
423 3187 440 3226 a
454 3188 485 3227 se
502 3167 629 3228 invicem
646 3169 693 3243 vel
705 3187 800 3230 unum
818 3169 896 3229 diem
914 3168 1019 3230 dome·
1066 3184 1071 3202 '
