<?xml version="1.0" encoding="UTF-8"?>
<!DOCTYPE html PUBLIC "-//W3C//DTD XHTML 1.0 Transitional//EN"
    "http://www.w3.org/TR/xhtml1/DTD/xhtml1-transitional.dtd">
<html xmlns="http://www.w3.org/1999/xhtml" xml:lang="en" lang="en">
 <head>
  <title>
</title>
<meta http-equiv="Content-Type" content="text/html;charset=utf-8" />
  <meta name='ocr-system' content='tesseract 3.04.00' />
  <meta name='ocr-capabilities' content='ocr_page ocr_carea ocr_par ocr_line ocrx_word'/>
</head>
<body>
  <div class='ocr_page' id='page_1' title='image "./confessionumlib00maugoog_0406.png"; bbox 0 0 2352 4094; ppageno 0'>
   <div class='ocr_carea' id='block_1_1' title="bbox 265 493 854 574">
    <p class='ocr_par' dir='ltr' id='par_1_1' title="bbox 265 493 854 574">
     <span class='ocr_line' id='line_1_1' title="bbox 265 493 854 574; baseline -0.019 0"><span class='ocrx_word' id='word_1_1' title='bbox 265 523 316 574; x_wconf 78' lang='grc' dir='ltr'><strong>ιιι</strong></span> <span class='ocrx_word' id='word_1_2' title='bbox 451 517 476 565; x_wconf 92' lang='lat' dir='ltr'><strong>s.</strong></span> <span class='ocrx_word' id='word_1_3' title='bbox 495 505 681 566; x_wconf 72' lang='lat' dir='ltr'><strong>iucosnmr</strong></span> <span class='ocrx_word' id='word_1_4' title='bbox 697 493 854 566; x_wconf 67' lang='lat' dir='ltr'><strong>trucum</strong></span> 
     </span>
    </p>
   </div>
   <div class='ocr_carea' id='block_1_2' title="bbox 263 615 1025 798">
    <p class='ocr_par' dir='ltr' id='par_1_2' title="bbox 263 615 1025 798">
     <span class='ocr_line' id='line_1_2' title="bbox 263 615 1025 702; baseline -0.005 -22"><span class='ocrx_word' id='word_1_5' title='bbox 263 638 351 702; x_wconf 83' lang='lat' dir='ltr'><strong>atque</strong></span> <span class='ocrx_word' id='word_1_6' title='bbox 373 617 542 680; x_wconf 84' lang='lat' dir='ltr'><strong>inferiorem</strong></span> <span class='ocrx_word' id='word_1_7' title='bbox 566 615 769 689; x_wconf 82' lang='lat' dir='ltr'><strong>distributam,</strong></span> <span class='ocrx_word' id='word_1_8' title='bbox 791 636 859 675; x_wconf 90' lang='lat' dir='ltr'><strong>cum</strong></span> <span class='ocrx_word' id='word_1_9' title='bbox 885 615 1025 676; x_wconf 81' lang='lat' dir='ltr'><strong>omnibus</strong></span> 
     </span>
     <span class='ocr_line' id='line_1_3' title="bbox 263 707 962 798; baseline -0.01 -27"><span class='ocrx_word' id='word_1_10' title='bbox 263 733 329 791; x_wconf 88' lang='lat' dir='ltr'><strong>quae</strong></span> <span class='ocrx_word' id='word_1_11' title='bbox 343 713 373 769; x_wconf 91' lang='lat' dir='ltr'><strong>in</strong></span> <span class='ocrx_word' id='word_1_12' title='bbox 390 709 431 767; x_wconf 87' lang='lat' dir='ltr'><strong>eis</strong></span> <span class='ocrx_word' id='word_1_13' title='bbox 448 719 516 766; x_wconf 87' lang='lat' dir='ltr'><strong>sunt</strong></span> <span class='ocrx_word' id='word_1_14' title='bbox 536 707 803 798; x_wconf 75' lang='lat' dir='ltr'><strong>usitatis-notisque</strong></span> <span class='ocrx_word' id='word_1_15' title='bbox 812 707 962 766; x_wconf 86' lang='lat' dir='ltr'><strong>creaturis.</strong></span> 
     </span>
    </p>
   </div>
   <div class='ocr_carea' id='block_1_3' title="bbox 431 873 940 972">
    <p class='ocr_par' dir='ltr' id='par_1_3' title="bbox 431 873 940 972">
     <span class='ocr_line' id='line_1_4' title="bbox 431 873 940 972; baseline -0.006 -36"><span class='ocrx_word' id='word_1_16' title='bbox 431 965 433 972; x_wconf 18' lang='lat' dir='ltr'>y</span> <span class='ocrx_word' id='word_1_17' title='bbox 512 873 647 935; x_wconf 74' lang='lat' dir='ltr'>CAPUT</span> <span class='ocrx_word' id='word_1_18' title='bbox 667 873 773 934; x_wconf 86' lang='lat' dir='ltr'>XXII.</span> <span class='ocrx_word' id='word_1_19' title='bbox 833 903 836 913; x_wconf 46' lang='lat' dir='ltr'>v</span> <span class='ocrx_word' id='word_1_20' title='bbox 936 895 940 902; x_wconf 75' lang='grc'><strong>’</strong></span> 
     </span>
    </p>
   </div>
   <div class='ocr_carea' id='block_1_4' title="bbox 289 1009 1002 1200">
    <p class='ocr_par' dir='ltr' id='par_1_4' title="bbox 289 1009 1002 1172">
     <span class='ocr_line' id='line_1_5' title="bbox 289 1009 1002 1095; baseline -0.007 -16"><span class='ocrx_word' id='word_1_21' title='bbox 289 1009 393 1095; x_wconf 59' lang='lat' dir='ltr'><strong>Aliquid-</strong></span> <span class='ocrx_word' id='word_1_22' title='bbox 406 1009 458 1076; x_wconf 79' lang='lat' dir='ltr'><strong>esse</strong></span> <span class='ocrx_word' id='word_1_23' title='bbox 478 1039 493 1072; x_wconf 88' lang='grc' dir='ltr'>ι</span> <span class='ocrx_word' id='word_1_24' title='bbox 508 1026 562 1072; x_wconf 88' lang='lat' dir='ltr'><strong>Deo</strong></span> <span class='ocrx_word' id='word_1_25' title='bbox 580 1020 718 1088; x_wconf 85' lang='lat' dir='ltr'><strong>conditum,</strong></span> <span class='ocrx_word' id='word_1_26' title='bbox 734 1023 765 1072; x_wconf 89' lang='lat' dir='ltr'><strong>de</strong></span> <span class='ocrx_word' id='word_1_27' title='bbox 785 1039 834 1088; x_wconf 91' lang='lat' dir='ltr'><strong>quo</strong></span> <span class='ocrx_word' id='word_1_28' title='bbox 851 1023 920 1074; x_wconf 86' lang='lat' dir='ltr'><strong>sileat</strong></span> <span class='ocrx_word' id='word_1_29' title='bbox 938 1023 1002 1074; x_wconf 85' lang='lat' dir='ltr'><strong>liber</strong></span> 
     </span>
     <span class='ocr_line' id='line_1_6' title="bbox 398 1102 887 1200; baseline -0.002 -44"><span class='ocrx_word' id='word_1_30' title='bbox 398 1142 405 1156; x_wconf 52' lang='grc' dir='ltr'>ι</span> <span class='ocrx_word' id='word_1_31' title='bbox 472 1104 590 1200; x_wconf 84' lang='lat' dir='ltr'>Genesis,</span> <span class='ocrx_word' id='word_1_32' title='bbox 609 1102 671 1154; x_wconf 89' lang='lat' dir='ltr'><strong>nihil</strong></span> <span class='ocrx_word' id='word_1_33' title='bbox 687 1112 813 1172; x_wconf 79' lang='lat' dir='ltr'><strong>repugnat</strong></span> <span class='ocrx_word' id='word_1_34' title='bbox 883 1131 887 1144; x_wconf 71' lang='grc'><strong>»</strong></span> 
     </span>
    </p>
   </div>
   <div class='ocr_carea' id='block_1_5' title="bbox 260 1251 1085 1608">
    <p class='ocr_par' dir='ltr' id='par_1_5' title="bbox 260 1251 1085 1608">
     <span class='ocr_line' id='line_1_7' title="bbox 301 1251 1085 1318; baseline -0.005 0"><span class='ocrx_word' id='word_1_35' title='bbox 301 1258 347 1318; x_wconf 81' lang='lat'><strong>31</strong></span> <span class='ocrx_word' id='word_1_36' title='bbox 359 1261 433 1316; x_wconf 89' lang='lat' dir='ltr'><strong>Cum</strong></span> <span class='ocrx_word' id='word_1_37' title='bbox 441 1274 519 1313; x_wconf 88' lang='lat' dir='ltr'><strong>emm</strong></span> <span class='ocrx_word' id='word_1_38' title='bbox 529 1253 661 1312; x_wconf 85' lang='lat' dir='ltr'><strong>duabus</strong></span> <span class='ocrx_word' id='word_1_39' title='bbox 653 1251 716 1313; x_wconf 80' lang='lat' dir='ltr'><strong>rstts</strong></span> <span class='ocrx_word' id='word_1_40' title='bbox 727 1255 864 1313; x_wconf 76' lang='lat' dir='ltr'><strong>extremis</strong></span> <span class='ocrx_word' id='word_1_41' title='bbox 874 1256 1022 1314; x_wconf 76' lang='lat' dir='ltr'><strong>sententies</strong></span> <span class='ocrx_word' id='word_1_42' title='bbox 1081 1291 1085 1296; x_wconf 81' lang='grc'><em>·</em></span> 
     </span>
     <span class='ocr_line' id='line_1_8' title="bbox 263 1345 1025 1424; baseline -0.007 -15"><span class='ocrx_word' id='word_1_43' title='bbox 263 1351 396 1409; x_wconf 89' lang='lat' dir='ltr'><strong>resistere</strong></span> <span class='ocrx_word' id='word_1_44' title='bbox 414 1346 568 1424; x_wconf 86' lang='lat' dir='ltr'><strong>quisquam</strong></span> <span class='ocrx_word' id='word_1_45' title='bbox 585 1345 626 1403; x_wconf 84' lang='lat' dir='ltr'><strong>ita</strong></span> <span class='ocrx_word' id='word_1_46' title='bbox 644 1345 824 1404; x_wconf 88' lang='lat' dir='ltr'><strong>tentaverit:</strong></span> <span class='ocrx_word' id='word_1_47' title='bbox 840 1347 872 1407; x_wconf 87' lang='lat' dir='ltr'><strong>si</strong></span> <span class='ocrx_word' id='word_1_48' title='bbox 888 1367 947 1405; x_wconf 88' lang='lat' dir='ltr'><strong>non</strong></span> <span class='ocrx_word' id='word_1_49' title='bbox 949 1349 1025 1406; x_wconf 81' lang='lat' dir='ltr'><strong>rul-</strong></span> 
     </span>
     <span class='ocr_line' id='line_1_9' title="bbox 262 1436 1022 1502; baseline -0.003 -1"><span class='ocrx_word' id='word_1_50' title='bbox 262 1441 320 1502; x_wconf 83' lang='lat' dir='ltr'><strong>tis*</strong></span> <span class='ocrx_word' id='word_1_51' title='bbox 336 1441 411 1498; x_wconf 89' lang='lat' dir='ltr'><strong>hanc</strong></span> <span class='ocrx_word' id='word_1_52' title='bbox 427 1436 636 1496; x_wconf 85' lang='lat' dir='ltr'><strong>informitatem</strong></span> <span class='ocrx_word' id='word_1_53' title='bbox 657 1437 784 1494; x_wconf 88' lang='lat' dir='ltr'><strong>materiae</strong></span> <span class='ocrx_word' id='word_1_54' title='bbox 804 1438 869 1497; x_wconf 89' lang='lat' dir='ltr'><strong>coeli</strong></span> <span class='ocrx_word' id='word_1_55' title='bbox 889 1453 918 1497; x_wconf 92' lang='lat' dir='ltr'><strong>et</strong></span> <span class='ocrx_word' id='word_1_56' title='bbox 938 1453 1022 1498; x_wconf 84' lang='lat' dir='ltr'><strong>terrae</strong></span> 
     </span>
     <span class='ocr_line' id='line_1_10' title="bbox 260 1525 1022 1608; baseline -0.003 -18"><span class='ocrx_word' id='word_1_57' title='bbox 260 1531 379 1590; x_wconf 90' lang='lat' dir='ltr'><strong>nomine</strong></span> <span class='ocrx_word' id='word_1_58' title='bbox 402 1529 579 1606; x_wconf 87' lang='lat' dir='ltr'><strong>appellatam</strong></span> <span class='ocrx_word' id='word_1_59' title='bbox 601 1525 712 1599; x_wconf 80' lang='lat' dir='ltr'><strong>videri3</strong></span> <span class='ocrx_word' id='word_1_60' title='bbox 730 1539 793 1585; x_wconf 88' lang='lat' dir='ltr'><strong>erat</strong></span> <span class='ocrx_word' id='word_1_61' title='bbox 818 1529 887 1608; x_wconf 82' lang='lat' dir='ltr'><strong>ergo</strong></span> <span class='ocrx_word' id='word_1_62' title='bbox 911 1529 1022 1608; x_wconf 78' lang='lat' dir='ltr'><strong>aliquid</strong></span> 
     </span>
    </p>
   </div>
   <div class='ocr_carea' id='block_1_6' title="bbox 194 1617 1116 1701">
    <p class='ocr_par' dir='ltr' id='par_1_6' title="bbox 194 1617 1116 1701">
     <span class='ocr_line' id='line_1_11' title="bbox 194 1617 1116 1701; baseline -0.001 -19"><span class='ocrx_word' id='word_1_63' title='bbox 194 1617 198 1622; x_wconf 64' lang='grc'>’</span> <span class='ocrx_word' id='word_1_64' title='bbox 262 1623 342 1701; x_wconf 90' lang='lat' dir='ltr'><strong>quod</strong></span> <span class='ocrx_word' id='word_1_65' title='bbox 355 1641 414 1679; x_wconf 90' lang='lat' dir='ltr'><strong>non</strong></span> <span class='ocrx_word' id='word_1_66' title='bbox 430 1621 538 1678; x_wconf 81' lang='lat' dir='ltr'><strong>fecerat</strong></span> <span class='ocrx_word' id='word_1_67' title='bbox 551 1623 642 1693; x_wconf 85' lang='lat' dir='ltr'><strong>Deus,</strong></span> <span class='ocrx_word' id='word_1_68' title='bbox 656 1617 735 1676; x_wconf 91' lang='lat' dir='ltr'><strong>unde</strong></span> <span class='ocrx_word' id='word_1_69' title='bbox 749 1619 854 1678; x_wconf 87' lang='lat' dir='ltr'><strong>coelum</strong></span> <span class='ocrx_word' id='word_1_70' title='bbox 868 1633 898 1679; x_wconf 86' lang='lat' dir='ltr'><strong>et</strong></span> <span class='ocrx_word' id='word_1_71' title='bbox 914 1634 1021 1681; x_wconf 87' lang='lat' dir='ltr'><strong>terram</strong></span> <span class='ocrx_word' id='word_1_72' title='bbox 1113 1690 1116 1694; x_wconf 40' lang='grc'><em>,</em></span> 
     </span>
    </p>
   </div>
   <div class='ocr_carea' id='block_1_7' title="bbox 258 1709 1094 3328">
    <p class='ocr_par' dir='ltr' id='par_1_7' title="bbox 261 1709 1022 1880">
     <span class='ocr_line' id='line_1_12' title="bbox 261 1709 1022 1791; baseline 0 -19"><span class='ocrx_word' id='word_1_73' title='bbox 261 1715 388 1785; x_wconf 84' lang='lat' dir='ltr'><strong>faceret3</strong></span> <span class='ocrx_word' id='word_1_74' title='bbox 408 1731 504 1788; x_wconf 91' lang='lat' dir='ltr'><strong>neque</strong></span> <span class='ocrx_word' id='word_1_75' title='bbox 524 1711 606 1768; x_wconf 87' lang='lat' dir='ltr'><strong>enim</strong></span> <span class='ocrx_word' id='word_1_76' title='bbox 625 1709 775 1790; x_wconf 82' lang='lat' dir='ltr'><strong>Scriptura</strong></span> <span class='ocrx_word' id='word_1_77' title='bbox 797 1711 927 1770; x_wconf 88' lang='lat' dir='ltr'><strong>narravit</strong></span> <span class='ocrx_word' id='word_1_78' title='bbox 941 1715 1022 1791; x_wconf 89' lang='lat' dir='ltr'><strong>quod</strong></span> 
     </span>
     <span class='ocr_line' id='line_1_13' title="bbox 261 1790 1021 1888; baseline 0.001 -26"><span class='ocrx_word' id='word_1_79' title='bbox 261 1807 344 1864; x_wconf 76' lang='lat' dir='ltr'><strong>istam</strong></span> <span class='ocrx_word' id='word_1_80' title='bbox 360 1802 509 1862; x_wconf 85' lang='lat' dir='ltr'><strong>materiem</strong></span> <span class='ocrx_word' id='word_1_81' title='bbox 519 1790 599 1888; x_wconf 90' lang='lat' dir='ltr'><strong>Deus</strong></span> <span class='ocrx_word' id='word_1_82' title='bbox 612 1799 726 1872; x_wconf 89' lang='lat' dir='ltr'><strong>fecerit,</strong></span> <span class='ocrx_word' id='word_1_83' title='bbox 739 1800 795 1858; x_wconf 87' lang='lat' dir='ltr'><strong>nisi</strong></span> <span class='ocrx_word' id='word_1_84' title='bbox 807 1801 1021 1880; x_wconf 79' lang='lat' dir='ltr'><strong>intelligamus*</strong></span> 
     </span>
    </p>

    <p class='ocr_par' dir='ltr' id='par_1_8' title="bbox 259 1888 1025 2336">
     <span class='ocr_line' id='line_1_14' title="bbox 262 1888 1025 1963; baseline 0 -9"><span class='ocrx_word' id='word_1_85' title='bbox 262 1896 326 1954; x_wconf 86' lang='lat' dir='ltr'><strong>eam</strong></span> <span class='ocrx_word' id='word_1_86' title='bbox 342 1891 407 1953; x_wconf 85' lang='lat' dir='ltr'><strong>coeli</strong></span> <span class='ocrx_word' id='word_1_87' title='bbox 423 1906 453 1952; x_wconf 89' lang='lat' dir='ltr'><strong>et</strong></span> <span class='ocrx_word' id='word_1_88' title='bbox 473 1905 573 1963; x_wconf 89' lang='lat' dir='ltr'><strong>terrae,</strong></span> <span class='ocrx_word' id='word_1_89' title='bbox 594 1903 645 1948; x_wconf 85' lang='lat' dir='ltr'><strong>aut</strong></span> <span class='ocrx_word' id='word_1_90' title='bbox 665 1888 754 1949; x_wconf 86' lang='lat' dir='ltr'><strong>solius</strong></span> <span class='ocrx_word' id='word_1_91' title='bbox 775 1903 859 1950; x_wconf 83' lang='lat' dir='ltr'><strong>terrae</strong></span> <span class='ocrx_word' id='word_1_92' title='bbox 878 1893 1025 1960; x_wconf 88' lang='lat' dir='ltr'><strong>vocabulo</strong></span> 
     </span>
     <span class='ocr_line' id='line_1_15' title="bbox 261 1980 1024 2065; baseline -0.001 -20"><span class='ocrx_word' id='word_1_93' title='bbox 261 1987 449 2065; x_wconf 83' lang='lat' dir='ltr'><strong>significatam</strong></span> <span class='ocrx_word' id='word_1_94' title='bbox 466 2003 533 2042; x_wconf 89' lang='lat' dir='ltr'><strong>cum</strong></span> <span class='ocrx_word' id='word_1_95' title='bbox 545 1980 716 2055; x_wconf 85' lang='lat' dir='ltr'><strong>diceretur,</strong></span> <span class='ocrx_word' id='word_1_96' title='bbox 733 1987 769 2039; x_wconf 82' lang='lat' dir='ltr'><strong>In</strong></span> <span class='ocrx_word' id='word_1_97' title='bbox 787 1989 935 2060; x_wconf 76' lang='lat' dir='ltr'><strong>principio</strong></span> <span class='ocrx_word' id='word_1_98' title='bbox 949 1982 1024 2061; x_wconf 78' lang='lat' dir='ltr'><strong>serit</strong></span> 
     </span>
     <span class='ocr_line' id='line_1_16' title="bbox 259 2073 1022 2154; baseline -0.001 -19"><span class='ocrx_word' id='word_1_99' title='bbox 259 2081 337 2135; x_wconf 79' lang='lat' dir='ltr'><strong>Deras</strong></span> <span class='ocrx_word' id='word_1_100' title='bbox 353 2081 457 2134; x_wconf 83' lang='lat' dir='ltr'><strong>coelum</strong></span> <span class='ocrx_word' id='word_1_101' title='bbox 479 2089 507 2132; x_wconf 82' lang='lat' dir='ltr'><strong>et</strong></span> <span class='ocrx_word' id='word_1_102' title='bbox 523 2087 626 2131; x_wconf 80' lang='lat' dir='ltr'><strong>terram</strong></span> <span class='ocrx_word' id='word_1_103' title='bbox 632 2095 644 2144; x_wconf 89' lang='lat'><em>;</em></span> <span class='ocrx_word' id='word_1_104' title='bbox 665 2085 699 2130; x_wconf 88' lang='lat' dir='ltr'><strong>ut</strong></span> <span class='ocrx_word' id='word_1_105' title='bbox 719 2073 750 2131; x_wconf 89' lang='lat' dir='ltr'><strong>id</strong></span> <span class='ocrx_word' id='word_1_106' title='bbox 768 2073 849 2151; x_wconf 88' lang='lat' dir='ltr'><strong>quod</strong></span> <span class='ocrx_word' id='word_1_107' title='bbox 867 2076 1022 2154; x_wconf 80' lang='lat' dir='ltr'><strong>&#39;sequimr,</strong></span> 
     </span>
     <span class='ocr_line' id='line_1_17' title="bbox 263 2152 1019 2244; baseline -0.001 -17"><span class='ocrx_word' id='word_1_108' title='bbox 263 2173 347 2227; x_wconf 80' lang='lat' dir='ltr'><strong>Terra</strong></span> <span class='ocrx_word' id='word_1_109' title='bbox 374 2152 470 2226; x_wconf 82' lang='lat' dir='ltr'><strong>¹autem</strong></span> <span class='ocrx_word' id='word_1_110' title='bbox 497 2175 560 2224; x_wconf 80' lang='lat' dir='ltr'><strong>erat</strong></span> <span class='ocrx_word' id='word_1_111' title='bbox 585 2155 729 2232; x_wconf 73' lang='lat' dir='ltr'><strong>invisibilis</strong></span> <span class='ocrx_word' id='word_1_112' title='bbox 760 2179 799 2222; x_wconf 40' lang='lat' dir='ltr'><strong>etr</strong></span> <span class='ocrx_word' id='word_1_113' title='bbox 820 2172 1019 2244; x_wconf 81' lang='lat' dir='ltr'><strong>incomposita,</strong></span> 
     </span>
     <span class='ocr_line' id='line_1_18' title="bbox 261 2255 1020 2360; baseline -0.001 -43"><span class='ocrx_word' id='word_1_114' title='bbox 261 2259 395 2336; x_wconf 78' lang='lat' dir='ltr'><strong>quamvis</strong></span> <span class='ocrx_word' id='word_1_115' title='bbox 408 2257 564 2330; x_wconf 87' lang='lat' dir='ltr'><strong>informem</strong></span> <span class='ocrx_word' id='word_1_116' title='bbox 579 2255 731 2312; x_wconf 86' lang='lat' dir='ltr'><strong>materiam</strong></span> <span class='ocrx_word' id='word_1_117' title='bbox 747 2255 790 2315; x_wconf 90' lang='lat' dir='ltr'><strong>sic</strong></span> <span class='ocrx_word' id='word_1_118' title='bbox 808 2257 952 2360; x_wconf 87' lang='lat' dir='ltr'><strong>placuerit</strong></span> <span class='ocrx_word' id='word_1_119' title='bbox 965 2274 1020 2336; x_wconf 83' lang='lat' dir='ltr'><strong>ap-</strong></span> 
     </span>
    </p>

    <p class='ocr_par' dir='ltr' id='par_1_9' title="bbox 258 2345 1025 2606">
     <span class='ocr_line' id='line_1_19' title="bbox 259 2345 1020 2428; baseline 0.003 -22"><span class='ocrx_word' id='word_1_120' title='bbox 259 2350 385 2428; x_wconf 80' lang='lat' dir='ltr'><strong>pellare,</strong></span> <span class='ocrx_word' id='word_1_121' title='bbox 395 2367 457 2405; x_wconf 87' lang='lat' dir='ltr'><strong>uon</strong></span> <span class='ocrx_word' id='word_1_122' title='bbox 468 2358 568 2428; x_wconf 84' lang='lat' dir='ltr'><strong>tamen</strong></span> <span class='ocrx_word' id='word_1_123' title='bbox 581 2345 819 2423; x_wconf 85' lang='lat' dir='ltr'><strong>intelligamus</strong></span> <span class='ocrx_word' id='word_1_124' title='bbox 790 2347 845 2405; x_wconf 90' lang='lat' dir='ltr'><strong>msi</strong></span> <span class='ocrx_word' id='word_1_125' title='bbox 858 2365 922 2406; x_wconf 91' lang='lat' dir='ltr'><strong>eam</strong></span> <span class='ocrx_word' id='word_1_126' title='bbox 932 2368 1020 2425; x_wconf 88' lang='lat' dir='ltr'><strong>quam</strong></span> 
     </span>
     <span class='ocr_line' id='line_1_20' title="bbox 261 2425 1025 2516; baseline 0.001 -20"><span class='ocrx_word' id='word_1_127' title='bbox 261 2437 331 2496; x_wconf 88' lang='lat' dir='ltr'><strong>fecit</strong></span> <span class='ocrx_word' id='word_1_128' title='bbox 349 2443 429 2495; x_wconf 85' lang='lat' dir='ltr'><strong>Deus</strong></span> <span class='ocrx_word' id='word_1_129' title='bbox 453 2436 483 2493; x_wconf 84' lang='lat' dir='ltr'><strong>in</strong></span> <span class='ocrx_word' id='word_1_130' title='bbox 499 2455 534 2492; x_wconf 92' lang='lat' dir='ltr'><strong>eo</strong></span> <span class='ocrx_word' id='word_1_131' title='bbox 548 2425 629 2513; x_wconf 88' lang='lat' dir='ltr'><strong>quod</strong></span> <span class='ocrx_word' id='word_1_132' title='bbox 652 2437 864 2516; x_wconf 83' lang='lat' dir='ltr'><strong>praescriptum</strong></span> <span class='ocrx_word' id='word_1_133' title='bbox 875 2451 932 2511; x_wconf 89' lang='lat' dir='ltr'><strong>est,</strong></span> <span class='ocrx_word' id='word_1_134' title='bbox 946 2437 1025 2514; x_wconf 80' lang='lat' dir='ltr'><strong>serit</strong></span> 
     </span>
     <span class='ocr_line' id='line_1_21' title="bbox 258 2527 1020 2618; baseline 0.001 -30"><span class='ocrx_word' id='word_1_135' title='bbox 258 2535 337 2588; x_wconf 85' lang='lat' dir='ltr'><strong>Deus</strong></span> <span class='ocrx_word' id='word_1_136' title='bbox 354 2531 457 2585; x_wconf 82' lang='lat' dir='ltr'><strong>coelum</strong></span> <span class='ocrx_word' id='word_1_137' title='bbox 471 2540 499 2583; x_wconf 87' lang='lat' dir='ltr'><strong>et</strong></span> <span class='ocrx_word' id='word_1_138' title='bbox 515 2539 629 2600; x_wconf 80' lang='lat' dir='ltr'><strong>terrum.</strong></span> <span class='ocrx_word' id='word_1_139' title='bbox 635 2527 877 2618; x_wconf 76' lang='lat' dir='ltr'><strong>Respondebunt</strong></span> <span class='ocrx_word' id='word_1_140' title='bbox 892 2543 1020 2589; x_wconf 85' lang='lat' dir='ltr'><strong>asserto-</strong></span> 
     </span>
    </p>

    <p class='ocr_par' dir='ltr' id='par_1_10' title="bbox 258 2611 1022 2698">
     <span class='ocr_line' id='line_1_22' title="bbox 258 2611 1022 2698; baseline -0.001 -19"><span class='ocrx_word' id='word_1_141' title='bbox 258 2639 306 2679; x_wconf 87' lang='lat' dir='ltr'><strong>res</strong></span> <span class='ocrx_word' id='word_1_142' title='bbox 318 2617 466 2678; x_wconf 88' lang='lat' dir='ltr'><strong>d&#39;uarum</strong></span> <span class='ocrx_word' id='word_1_143' title='bbox 458 2611 581 2674; x_wconf 75' lang='lat' dir='ltr'><strong>istarum</strong></span> <span class='ocrx_word' id='word_1_144' title='bbox 599 2615 808 2678; x_wconf 85' lang='lat' dir='ltr'><strong>sententiarum</strong></span> <span class='ocrx_word' id='word_1_145' title='bbox 828 2639 899 2698; x_wconf 85' lang='lat' dir='ltr'><strong>quas</strong></span> <span class='ocrx_word' id='word_1_146' title='bbox 913 2617 1022 2679; x_wconf 82' lang='lat' dir='ltr'><strong>extre-</strong></span> 
     </span>
    </p>

    <p class='ocr_par' dir='ltr' id='par_1_11' title="bbox 258 2705 1094 3328">
     <span class='ocr_line' id='line_1_23' title="bbox 259 2705 1021 2786; baseline -0.003 -18"><span class='ocrx_word' id='word_1_147' title='bbox 259 2729 321 2768; x_wconf 88' lang='lat' dir='ltr'><strong>mas</strong></span> <span class='ocrx_word' id='word_1_148' title='bbox 341 2707 507 2786; x_wconf 87' lang='lat' dir='ltr'><strong>posuimus,</strong></span> <span class='ocrx_word' id='word_1_149' title='bbox 517 2717 585 2768; x_wconf 80' lang='lat' dir='ltr'><strong>aut</strong></span> <span class='ocrx_word' id='word_1_150' title='bbox 588 2705 683 2778; x_wconf 86' lang='lat' dir='ltr'><strong>illius,</strong></span> <span class='ocrx_word' id='word_1_151' title='bbox 697 2719 749 2764; x_wconf 91' lang='lat' dir='ltr'><strong>aut</strong></span> <span class='ocrx_word' id='word_1_152' title='bbox 772 2706 1021 2780; x_wconf 84' lang='lat' dir='ltr'><strong>illins,cuml1aec</strong></span> 
     </span>
     <span class='ocr_line' id='line_1_24' title="bbox 259 2795 1021 2874; baseline -0.001 -16"><span class='ocrx_word' id='word_1_153' title='bbox 259 2799 419 2869; x_wconf 84' lang='lat' dir='ltr'><strong>audierint,</strong></span> <span class='ocrx_word' id='word_1_154' title='bbox 437 2804 468 2856; x_wconf 78' lang='lat' dir='ltr'><strong>et</strong></span> <span class='ocrx_word' id='word_1_155' title='bbox 486 2795 584 2868; x_wconf 77' lang='lat' dir='ltr'><strong>dicent</strong></span> <span class='ocrx_word' id='word_1_156' title='bbox 600 2815 608 2854; x_wconf 78' lang='grc' dir='ltr'>ι</span> <span class='ocrx_word' id='word_1_157' title='bbox 625 2797 783 2862; x_wconf 88' lang='lat' dir='ltr'><strong>Informem</strong></span> <span class='ocrx_word' id='word_1_158' title='bbox 800 2797 943 2874; x_wconf 90' lang='lat' dir='ltr'><strong>quidem</strong></span> <span class='ocrx_word' id='word_1_159' title='bbox 934 2807 1021 2857; x_wconf 76' lang='lat' dir='ltr'><strong>istam</strong></span> 
     </span>
     <span class='ocr_line' id='line_1_25' title="bbox 260 2879 1020 2964; baseline 0 -16"><span class='ocrx_word' id='word_1_160' title='bbox 260 2887 411 2948; x_wconf 77' lang='lat' dir='ltr'><strong>materiam</strong></span> <span class='ocrx_word' id='word_1_161' title='bbox 434 2907 492 2944; x_wconf 89' lang='lat' dir='ltr'><strong>uon</strong></span> <span class='ocrx_word' id='word_1_162' title='bbox 515 2879 653 2964; x_wconf 84' lang='lat' dir='ltr'><strong>negamus</strong></span> <span class='ocrx_word' id='word_1_163' title='bbox 674 2907 691 2945; x_wconf 89' lang='lat' dir='ltr'><strong>a</strong></span> <span class='ocrx_word' id='word_1_164' title='bbox 706 2891 770 2944; x_wconf 81' lang='lat' dir='ltr'><strong>Deo</strong></span> <span class='ocrx_word' id='word_1_165' title='bbox 788 2887 909 2959; x_wconf 80' lang='lat' dir='ltr'><strong>factam,</strong></span> <span class='ocrx_word' id='word_1_166' title='bbox 925 2893 1020 2948; x_wconf 87' lang='lat' dir='ltr'><strong>Deoa</strong></span> 
     </span>
     <span class='ocr_line' id='line_1_26' title="bbox 260 2973 1021 3058; baseline 0.003 -22"><span class='ocrx_word' id='word_1_167' title='bbox 260 2999 319 3058; x_wconf 91' lang='lat' dir='ltr'><strong>quo</strong></span> <span class='ocrx_word' id='word_1_168' title='bbox 330 2991 397 3036; x_wconf 86' lang='lat' dir='ltr'><strong>sunt</strong></span> <span class='ocrx_word' id='word_1_169' title='bbox 408 2977 506 3035; x_wconf 87' lang='lat' dir='ltr'><strong>omnia</strong></span> <span class='ocrx_word' id='word_1_170' title='bbox 516 2975 595 3035; x_wconf 85' lang='lat' dir='ltr'><strong>bona</strong></span> <span class='ocrx_word' id='word_1_171' title='bbox 608 2973 694 3036; x_wconf 71' lang='lat' dir='ltr'><strong>valde</strong></span> <span class='ocrx_word' id='word_1_172' title='bbox 704 2999 714 3035; x_wconf 83' lang='lat' dir='ltr'><strong>t</strong></span> <span class='ocrx_word' id='word_1_173' title='bbox 726 2977 797 3054; x_wconf 82' lang='lat' dir='ltr'><strong>quia</strong></span> <span class='ocrx_word' id='word_1_174' title='bbox 808 2977 883 3036; x_wconf 83' lang='lat' dir='ltr'><strong>sicut</strong></span> <span class='ocrx_word' id='word_1_175' title='bbox 897 2978 1021 3038; x_wconf 83' lang='lat' dir='ltr'><strong>dicimus</strong></span> 
     </span>
     <span class='ocr_line' id='line_1_27' title="bbox 260 3067 1021 3147; baseline -0.003 -19"><span class='ocrx_word' id='word_1_176' title='bbox 260 3070 385 3147; x_wconf 81' lang='lat' dir='ltr'><strong>amplius</strong></span> <span class='ocrx_word' id='word_1_177' title='bbox 405 3067 593 3126; x_wconf 87' lang='lat' dir='ltr'><strong>bonum&#39;esse</strong></span> <span class='ocrx_word' id='word_1_178' title='bbox 609 3067 690 3146; x_wconf 89' lang='lat' dir='ltr'><strong>quod</strong></span> <span class='ocrx_word' id='word_1_179' title='bbox 707 3081 942 3146; x_wconf 74' lang='lat' dir='ltr'><strong>oreatem&#39;atque</strong></span> <span class='ocrx_word' id='word_1_180' title='bbox 959 3069 1021 3128; x_wconf 85' lang='lat' dir='ltr'><strong>for-</strong></span> 
     </span>
     <span class='ocr_line' id='line_1_28' title="bbox 260 3147 1094 3238; baseline 0 -19"><span class='ocrx_word' id='word_1_181' title='bbox 260 3172 370 3219; x_wconf 87' lang='lat' dir='ltr'><strong>matum</strong></span> <span class='ocrx_word' id='word_1_182' title='bbox 385 3169 437 3229; x_wconf 92' lang='lat' dir='ltr'><strong>est,</strong></span> <span class='ocrx_word' id='word_1_183' title='bbox 447 3157 622 3238; x_wconf 88' lang='lat' dir='ltr'><strong>itafatemur</strong></span> <span class='ocrx_word' id='word_1_184' title='bbox 634 3159 730 3218; x_wconf 90' lang='lat' dir='ltr'><strong>minus</strong></span> <span class='ocrx_word' id='word_1_185' title='bbox 739 3159 855 3219; x_wconf 89' lang='lat' dir='ltr'><strong>bonum</strong></span> <span class='ocrx_word' id='word_1_186' title='bbox 863 3156 925 3219; x_wconf 89' lang='lat' dir='ltr'><strong>esse</strong></span> <span class='ocrx_word' id='word_1_187' title='bbox 939 3147 1029 3238; x_wconf 77' lang='lat' dir='ltr'><strong>quod¹</strong></span> <span class='ocrx_word' id='word_1_188' title='bbox 1053 3189 1055 3194; x_wconf 89' lang='lat'><em>·</em></span> <span class='ocrx_word' id='word_1_189' title='bbox 1091 3193 1094 3196; x_wconf 95' lang='lat'>·</span> 
     </span>
     <span class='ocr_line' id='line_1_29' title="bbox 258 3240 1034 3328; baseline 0.003 -19"><span class='ocrx_word' id='word_1_190' title='bbox 258 3251 369 3322; x_wconf 78' lang='lat' dir='ltr'><strong>factum</strong></span> <span class='ocrx_word' id='word_1_191' title='bbox 379 3261 423 3306; x_wconf 87' lang='lat' dir='ltr'><strong>est</strong></span> <span class='ocrx_word' id='word_1_192' title='bbox 433 3240 563 3308; x_wconf 55' lang='lat' dir='ltr'><strong>&#39;creabile</strong></span> <span class='ocrx_word' id='word_1_193' title='bbox 577 3262 665 3328; x_wconf 87' lang='lat' dir='ltr'><strong>atque</strong></span> <span class='ocrx_word' id='word_1_194' title='bbox 674 3250 842 3326; x_wconf 74' lang='lat' dir='ltr'><strong>formabile,</strong></span> <span class='ocrx_word' id='word_1_195' title='bbox 852 3251 904 3310; x_wconf 78' lang='lat' dir='ltr'><strong>sed</strong></span> <span class='ocrx_word' id='word_1_196' title='bbox 916 3246 1034 3320; x_wconf 78' lang='lat' dir='ltr'><strong>&#39;tamen</strong></span> 
     </span>
    </p>
   </div>
   <div class='ocr_carea' id='block_1_8' title="bbox 0 0 1180 4094">
    <p class='ocr_par' dir='ltr' id='par_1_12' title="bbox 0 0 1180 4094">
     <span class='ocr_line' id='line_1_30' title="bbox 0 0 1180 4094; baseline 0 2"><span class='ocrx_word' id='word_1_197' title='bbox 0 0 1180 4094; x_wconf 95' lang='lat' dir='ltr'><strong> </strong></span> 
     </span>
    </p>
   </div>
  </div>
 </body>
</html>
