2356 4018
331 463 585 550 cousussrouim
602 491 696 542 nunu
713 495 760 549 rx.
874 498 923 547 res

173 588 255 652 sileat
272 590 404 660 omnin03
424 589 561 666 quoniam
579 589 605 648 si
619 589 687 672 quis
697 589 807 661 audiat,
830 592 929 651 dicunt

172 682 235 740 haec
247 681 356 751 omnia,
369 685 434 738 Non
445 681 508 756 ipsa
521 699 573 739 nos
587 677 720 750 fecimus,
732 680 783 738 sed
797 681 866 740 fecit
877 703 930 742 nos

173 775 225 850 qui
244 783 341 835 manet
359 773 389 829 in
401 779 564 833 aeternum¹
582 768 648 830 :his
667 760 794 845 dic'tis3si
808 771 869 849 jam
884 786 929 832 ta-

174 874 258 926 ceant
280 862 416 940 quoniam
443 871 597 920 erexerunt
618 879 719 918 aurem
739 860 769 918 in
791 881 857 921 eum
880 863 931 940 qui

173 953 300 1028 lecitlea,
314 967 342 1011 et
353 952 490 1036 loquatur
503 951 567 1028 ipse
583 951 674 1020 solus,
687 971 745 1008 non
758 972 811 1030 per
824 973 866 1025 ea,
880 953 931 1011 sed

174 1063 230 1121 uer
250 1045 392 1120 seipsum,
412 1053 445 1100 ut
466 1040 618 1100 audiamus
638 1040 760 1099 verbum
782 1041 857 1125 ejus,
874 1063 931 1101 non

177 1153 231 1212 per
250 1135 379 1210 linguam
399 1132 504 1203 caruis,
519 1149 614 1208 neque
630 1152 802 1210 perlvocem
821 1134 931 1211 angeli,

177 1245 231 1282 nec
243 1243 296 1302 per
311 1222 436 1280 sonitum
450 1220 549 1298 nubis,
561 1241 614 1279 nec
626 1241 680 1299 per
691 1224 811 1299 aenigma
829 1224 932 1282 simili-

180 1314 301 1384 tudinis;
315 1313 365 1372 sed
378 1315 474 1390 ipsum
488 1329 575 1389 quem
587 1313 617 1372 in
628 1311 673 1374 his
685 1333 823 1384 amamus,
838 1315 933 1391 ipsum
955 1332 957 1336 ·

179 1405 239 1462 sine
252 1404 297 1466 his
311 1403 475 1473 audiamus,
488 1403 563 1460 sicut
581 1419 659 1459 nnnc
675 1403 855 1474 extendimus
867 1425 933 1474 nos,

179 1486 208 1551 et
225 1493 326 1570 rapida
345 1493 519 1570 cogitatione
537 1491 713 1567 attigimus*
726 1503 863 1550 aeternam
881 1500 933 1554 Sa·
1010 1516 1018 1529 ι

180 1584 317 1661 pientiam
332 1603 419 1662 super
440 1582 535 1640 omnia
554 1593 728 1654 manentem3
742 1583 765 1638 si
783 1584 934 1640 continue-

181 1685 230 1730 tur
247 1674 317 1743 hoc,
338 1686 367 1731 et
385 1670 594 1732 subtrahantur
615 1670 677 1727 alia
700 1671 826 1728 visiones
850 1673 935 1749 longe

159 1781 162 1790 ’
182 1763 301 1844 imparis
311 1763 434 1840 generis,
446 1775 475 1819 et
488 1762 550 1819 haec
562 1779 620 1818 una
633 1760 728 1837 rapiat
740 1774 768 1818 et
780 1749 936 1838 absorbeat
975 1806 980 1819 .
1008 1810 1014 1818 .

183 1867 211 1912 et
236 1855 375 1913 recondat
398 1855 428 1910 in
450 1849 592 1910 interiora
615 1849 720 1927 gaudia
743 1863 935 1928 spectatorem
1017 1857 1025 1877 ⁸

183 1965 281 2015 suum,
297 1943 334 2002 ut
350 1945 412 2012 talis
433 1943 472 2001 sit
491 1943 665 2020 sempiterna
685 1943 758 2012 vita,
772 1945 859 2019 quale
881 1944 937 2003 fuit
970 2001 971 2004 ,

183 2035 239 2093 hoc
263 2047 439 2106 momentum
466 2033 675 2110 intelligentia,
699 2033 746 2090 eui
776 2033 935 2112 suspiravia

183 2142 261 2198 mus,
273 2145 368 2183 nonne
380 2126 436 2184 hoo
455 2136 510 2195 est,
525 2120 613 2182 Intra¹
624 2131 653 2181 in
670 2119 806 2200 gaudiam
821 2129 940 2182 Domini·

184 2223 225 2274 tui
235 2209 264 2271 ’.θ’
274 2221 310 2277 Et
320 2215 398 2274 istud
411 2214 547 2293 quando?
558 2220 605 2272 Ἀιι
616 2233 682 2273 cum
696 2233 795 2274 omnes
807 2214 939 2294 resurge-

185 2327 263 2378 mus,
276 2307 326 2366 sed
339 2326 399 2373 non
411 2324 511 2364 omnes
525 2301 800 2380 immutabimur³l
876 2357 878 2366 Α
891 2317 895 2328 ’

225 2398 271 2458 26.
289 2397 429 2458 Dicebam
448 2399 545 2470 talia*,
564 2411 592 2457 et
612 2399 636 2457 si
655 2393 787 2458 non'istn
803 2395 891 2459 modo
912 2413 941 2458 et

185 2491 230 2550 his
245 2488 358 2561 verbis,
373 2490 642 2561 tamem-Domine,
666 2503 697 2551 tu
718 2492 772 2571 scis
791 2490 871 2567 quod
890 2489 940 2548 illo

186 2580 250 2652 die,
278 2597 345 2638 curn
371 2578 439 2648 talia
460 2577 663 2654 loqueremur,
685 2590 713 2635 et
736 2579 862 2636 mundus
887 2579 942 2636 iste

134 2732 137 2737 ,
185 2669 294 2729 nobis
286 2683 363 2728 mter
380 2666 472 2726 verba
484 2669 635 2726 vilesceret
651 2687 718 2724 cum
734 2665 868 2724 omnibus
886 2668 940 2724 de-

186 2759 391 2848 lectationibus
410 2759 485 2830 suis,
503 2771 571 2815 tuno
588 2758 628 2814 ait
646 2757 716 2825 illa.
725 2781 744 2806 -«
738 2757 824 2827 Fili,
846 2777 941 2834 quan-

150 2837 154 2841 ’
180 2877 211 2902 a
217 2863 278 2908 tum
294 2850 331 2907 ad
345 2870 400 2909 rne
407 2849 523 2918 attinet,
541 2845 646 2904 nulla
633 2866 693 2923 Jam
712 2863 744 2904 re
763 2846 919 2906 delector
911 2869 941 2906 m

96 2984 111 3012 ¹.
189 2936 271 2996 »hac
284 2939 352 2996 vitu
369 2937 446 3014 Quid
462 2936 511 2995 hic
529 2937 633 2995 faciam
652 2935 763 3009 adhue,
778 2950 806 2995 et
825 2957 878 2997 cur
894 2939 941 2997 hic

226 3133 310 3188 ¹Ptal.
323 3149 393 3193 xcix,
406 3136 435 3190 3,
451 3137 475 3182 5.
487 3159 522 3169 ...
542 3141 553 3166 ²
570 3130 659 3183 Matth.
672 3147 728 3191 xxv,
743 3135 784 3182 21.
795 3161 828 3168 -
842 3143 854 3182 7
866 3137 877 3181 1
889 3134 943 3182 Cor.

189 3227 229 3273 xv,
240 3217 282 3262 51.

804 3293 836 3350 23
