2394 4010
242 477 294 524 270
426 459 811 525 s.aucosrmtnr»1scor1

242 575 367 652 tempori
377 563 749 652 congruum'disputabam3
759 593 857 651 eoque
868 575 1001 657 lomento

240 665 369 722 veritatis
382 664 549 744 mitigabam
563 665 725 724 cruciatum
742 664 796 722 tibi
810 678 925 738 notum,
940 669 998 728 illis

240 751 442 830 ignorantibus
468 766 497 810 et
521 754 636 810 intente·
651 751 856 825 audientibus,
883 768 913 813 et
937 757 998 815 sine

242 861 327 900 sensu
338 842 446 902 doloris
460 861 507 900 me
521 861 583 900 esse
595 840 815 910 arbitrantibus.
837 846 877 900 Aa
899 863 953 921 ego
966 845 997 902 in

242 931 361 992 auribus
373 932 443 1004 tuis,
455 931 618 990 ubieorum
628 930 726 988 nullus
736 929 889 1004 audiebat,
901 933 998 992 incre-

242 1021 349 1100 pabam
367 1021 518 1080 mollitiem
530 1019 660 1078 allectus
683 1019 753 1090 mei,
771 1031 800 1077 et
817 1017 998 1099 constringe-

243 1110 311 1168 ham
329 1109 441 1169 fluxum
461 1109 592 1168 moeroris
608 1128 618 1164 t
635 1107 816 1186 cedebatque
829 1109 901 1178 mihi
922 1131 998 1188 pau-

243 1201 349 1273 lulum;
369 1219 528 1277 rursusque
548 1199 662 1278 impetu
685 1219 738 1258 suo
758 1199 923 1272 ferebatur,
939 1221 998 1264 nou

243 1311 336 1370 usque
355 1293 392 1349 ad
413 1292 594 1370 eruptionem
611 1291 822 1367 lacrymarum,
837 1312 891 1351 nec
904 1308 997 1371 osque

243 1381 280 1440 ad
293 1384 392 1441 vultus
405 1375 610 1453 mutationem,
630 1381 681 1439 sed
700 1401 754 1458 ego
772 1380 900 1441 sciebam
926 1384 997 1460 quid

244 1471 331 1530 corde
343 1491 515 1549 premerem.
528 1475 565 1529 Et
575 1471 645 1547 quia
655 1470 727 1528 mihi
739 1470 926 1530 vehementer
937 1471 997 1530 dis-

242 1561 370 1638 plicebat
383 1575 494 1622 tantum
508 1563 538 1620 in
551 1581 597 1619 me
607 1575 693 1638 posse
704 1561 770 1619 liaeo
778 1561 921 1636 hamana,
931 1583 996 1640 quae
1013 1597 1015 1604 ·

138 1675 142 1682 ·
243 1651 346 1710 ordine
360 1651 459 1712 debito
478 1664 507 1710 et
519 1663 598 1709 sorte
612 1650 785 1714 conditionis
799 1665 905 1711 nostrae
918 1655 997 1714 acci·
1029 1689 1031 1694 ,
1051 1652 1058 1668 '

243 1742 313 1800 dere
325 1761 441 1800 necesse
455 1754 516 1813 est,
528 1741 585 1798 alio
599 1740 701 1798 dolore
717 1740 852 1801 dolebam
866 1741 997 1804 dolorem

243 1849 354 1902 meum,
369 1844 398 1888 et
411 1830 521 1908 duplici
537 1829 655 1886 tristitia
667 1828 845 1889 macerabar.

284 1919 332 1977 32.
344 1923 416 1980 Cum
431 1913 499 1980 ecce
511 1939 617 1998 corpus
631 1923 738 1979 elatum
753 1921 998 1995 est*,:imus,red-

243 2013 318 2070 imus
336 2012 396 2070 sine
411 2012 556 2088 lacrymis.
576 2016 652 2070 Nam
667 2031 762 2089 neque
783 2013 815 2070 in
835 2013 877 2072 eis
890 2014 997 2092 'preci-

242 2098 298 2158 bus
316 2121 388 2178 quas
404 2100 457 2159 tibi
480 2100 622 2173 fudimus,
638 2099 879 2180 cum—offerretur
893 2123 947 2181 pro
964 2124 998 2164 ea

139 2205 140 2208 ’
243 2190 522 2267 sacrificiumpretii
539 2191 647 2263 nostri,
663 2190 725 2268 jam
734 2189 819 2267 juxta
831 2194 996 2270 sepulcrum

243 2281 338 2355 posito
353 2280 510 2352 cadavere,
519 2280 691 2357 priusquam
703 2280 910 2358 deponeretur,
922 2283 998 2342 sicut

243 2368 302 2426 illic
323 2369 386 2426 lieri
410 2370 498 2441 solet,
512 2387 565 2426 nec
578 2369 609 2426 in
624 2368 665 2428 eis
680 2367 818 2446 precibus
835 2390 888 2448 ego
906 2371 995 2430 flevi:

246 2458 297 2516 sed
314 2471 375 2517 toto
394 2459 440 2518 die
453 2459 581 2538 graviter
598 2459 629 2516 in
643 2461 759 2518 occulto
773 2472 891 2520 moestus
904 2481 998 2533 eram,

243 2562 272 2606 et
283 2563 379 2609 meate
394 2549 509 2610 turbata
525 2548 665 2628 rogabam
678 2563 721 2624 te,
734 2563 768 2609 ut
777 2563 907 2629 poteram
914 2593 923 2624 ,
939 2571 998 2628 quo

242 2658 358 2699 sanares
379 2641 511 2700 dolorem
533 2661 646 2713 meum,
668 2659 723 2698 nec
736 2639 879 2713 faciebas3
895 2640 998 2714 eredo,

243 2732 449 2791 commendans
458 2731 604 2792 memoriae
620 2751 707 2804 mear,
720 2733 768 2790 vel
786 2731 843 2789 hoc
862 2749 924 2804 uno¹
940 2731 997 2790 do·
1014 2789 1016 2793 .

243 2834 391 2895 dumento,
402 2823 494 2883 omnis
507 2819 722 2882 comuetudinis
734 2818 899 2892 vinculum,
910 2820 997 2880 etiam

241 2911 383 2970 adversus
406 2926 532 2972 mentem
550 2931 616 2990 quae
632 2909 695 2988 jam
713 2929 772 2967 non
789 2909 885 2968 fallaci
904 2909 997 2969 verbo

241 3003 399 3080 pasoitur&
417 3004 518 3063 Visum
534 3003 621 3060 etiam
635 2998 708 3057 milti
721 3009 764 3056 est
781 3011 815 3056 ut
827 2999 900 3058 irem
917 3001 999 3058 lava·

243 3103 322 3166 tum,
337 3093 418 3171 quod
432 3092 583 3152 audieram
596 3091 664 3149 inde
677 3089 790 3148 balneis
803 3109 909 3149 nomen
922 3089 1009 3148 indi-¹

242 3193 318 3254 tum,
333 3183 401 3258 quia
413 3183 508 3242 Graeci
521 3190 643 3255 βαλανιῑον
658 3179 800 3256 dixerint,
815 3178 898 3258 quod
913 3178 997 3238 anxi-

1182 3061 1183 3099 l

1168 3171 1182 3210 1
