2316 4020
274 511 321 556 136
457 499 843 558 s.auousrm1nr1scorr

271 621 299 665 te
323 610 415 668 sciens
437 608 570 667 ducerer.
605 609 737 685 Suscepit
764 629 810 667 me
834 622 954 687 paterne
979 613 1030 672 ille

206 752 208 757 .
271 700 358 756 homo
369 699 437 771 Dei,
455 710 485 779 et
500 696 762 775 peregrinationem
776 717 870 757 meam
885 701 953 760 satis
966 704 1032 780 epi·

271 790 427 866 scopaliter
443 788 553 853 dilexit
574 791 611 869 Et
626 807 693 844 eum
708 808 805 870 amare
819 791 910 872 coepi,
932 794 1030 879 ppimo

271 880 390 956 quidem
408 900 467 939 nou
483 891 619 955 tanquam
641 877 791 958 doctorem
805 882 881 952 veri,
905 883 985 958 quod
999 884 1031 940 in

270 971 400 1028 Ecclesia
424 982 475 1028 tua
498 987 618 1045 prorsus
642 968 850 1046 desperabam,
886 971 938 1029 sed
962 986 1031 1044 tan-

271 1080 358 1136 quam
377 1059 524 1118 hominem
541 1057 700 1136 benignum
721 1059 752 1116 iu
767 1079 823 1118 me.
847 1063 883 1117 Et
900 1061 1031 1121 studiose

272 1151 426 1210 audiebam
442 1151 637 1229 disputantem
655 1151 686 1207 in
704 1152 830 1229 populo,
853 1171 912 1210 non
930 1154 1035 1212 inten-

272 1242 350 1298 tione
364 1262 422 1319 qua
437 1239 539 1313 debui,
563 1239 614 1298 sed
632 1241 715 1315 quasi
735 1241 889 1317 explorans
908 1241 971 1319 ejus
985 1242 1031 1300 sa-

272 1331 421 1401 cundiam3
452 1343 551 1394 utrum
579 1331 747 1388 conveniret
776 1331 858 1390 lamae
883 1351 961 1402 suae,
992 1352 1031 1390 an

271 1421 365 1496 major
383 1420 515 1480 minorve
535 1420 711 1497 proflueret,
736 1440 824 1496 quam
847 1420 1029 1497 praedicaba-

272 1522 320 1566 tur
336 1532 342 1564 :
358 1523 388 1566 et
403 1507 502 1568 verbis
521 1508 583 1586 ejus
603 1507 800 1585 suspendebar
816 1507 961 1581 intentus5
981 1530 1029 1568 re—

271 1619 336 1657 rum
354 1612 450 1664 autem
463 1599 625 1657 incuriosus
643 1613 673 1656 et
687 1612 868 1676 contemptor
884 1599 1030 1672 astabam3

272 1704 301 1748 et
326 1689 491 1758 delectabar
513 1691 654 1751 suavitate
681 1691 838 1762 sermonis,
862 1709 1028 1768 quanquam

273 1779 458 1852 eruditioris,
482 1780 578 1836 minus
602 1791 696 1837 tamen
720 1780 920 1838 hilarescentis
940 1793 1028 1858 atque

272 1869 425 1927 mulcentis
444 1889 532 1946 quam
550 1868 647 1926 Fausti
669 1859 849 1944 erat,·quod
866 1869 969 1926 attinet
990 1869 1029 1927 ad

273 1959 389 2017 dicendi
398 1959 531 2018 modum.
552 1961 692 2034 Caeterum
707 1977 806 2020 rerum
820 1960 949 2036 ipsarum
965 1960 1031 2018 uul-

273 2053 301 2107 la
318 2051 522 2128 comparatio:
539 2068 604 2112 nam
621 2048 670 2118 ille
689 2069 742 2126 per
758 2049 929 2118 manichaeas
947 2051 1030 2108 lalla-

274 2143 331 2198 cias
352 2138 506 2198 aberrabat
512 2141 525 2209 3'
544 2139 598 2198 iste
616 2151 712 2196 autem
732 2138 922 2199 saluberrime
940 2141 1030 2200 doce—

273 2229 324 2286 bat
351 2231 482 2314 salutem.
502 2228 570 2293 'Sed
598 2229 683 2304 longe
711 2242 754 2286 est
781 2249 798 2287 a
824 2229 1030 2306 peccatoribus

177 2319 179 2328 ’
273 2321 364 2389 salus,
382 2315 475 2395 qualis
489 2338 543 2396 ego
562 2331 630 2375 tunc
645 2318 762 2376 aderam
778 2341 784 2376 ε
800 2332 829 2378 et
844 2333 941 2378 tamen
954 2340 1028 2398 pro-

274 2406 449 2485 pinquabam
463 2409 568 2468 sensim
583 2421 613 2467 et
625 2409 754 2477 nesciens
765 2409 788 2464 *.

525 2567 657 2630 maur
678 2547 767 2646 mv.
856 2551 857 2554 ‘

318 2716 408 2770 Audito
421 2715 548 2768 Ambrosio
559 2716 672 2783 paulatim
682 2713 713 2764 ab
725 2707 848 2764 amoribus
857 2713 984 2781 resipiscit.

315 2859 362 2916 24.
384 2863 455 2918 Cum
475 2861 551 2919 enim
572 2879 630 2916 non
653 2870 813 2935 satagerem
830 2857 942 2915 discere
964 2876 1030 2934 quae

275 2947 408 3018 dicebat,
436 2948 487 3006 sed
510 2961 622 3006 tantum
646 2946 891 3023 quemadmodum
913 2945 1031 3005 dicebat

275 3035 376 3096 audire
397 3037 443 3114 (ea
461 3036 534 3095 mihi
552 3037 662 3114 quippe
679 3036 739 3113 jam
758 3036 923 3114 desperanti
943 3035 979 3094 ad
1002 3049 1031 3096 te

274 3120 354 3184 viam
370 3137 470 3202 patere
487 3125 614 3198 homini,
637 3125 729 3185 inanis
744 3145 821 3192 curat
832 3125 1032 3204 remanserat),

275 3214 430 3272 veniebant
448 3215 479 3271 in
493 3215 621 3273 animum
635 3235 732 3274 meum
750 3216 835 3274 simul
853 3235 921 3273 cum⁴
932 3213 1032 3272 verbis
