2354 4034
282 479 330 532 468
463 483 488 530 S.
508 478 690 530 Aueusauu
707 480 854 533 EPISCOPI

280 586 397 660 qaanelo
415 584 602 659 repullulastis
619 603 719 658 sapere
732 603 788 659 pro
807 603 870 656 me,
892 589 921 640 in
940 603 997 658 quo
1013 597 1049 638 et

280 673 435 750 sapiebatis
440 696 460 744 ,η
472 675 589 730 toedium
610 685 704 730 autem
730 673 877 730 habuistis.
898 671 948 730 Isti
970 690 1046 749 ergo

282 763 422 822 diuturno
441 763 526 821 taedio
546 775 748 834 marcuerant,
767 775 796 821 et
814 763 898 841 quasi
916 781 1046 820 exarue-

282 867 349 914 rant
365 853 402 913 ab
418 855 474 913 isto
490 854 587 914 fructu
604 852 675 912 boni
692 854 790 932 operis
806 875 813 910 τ
828 866 858 912 et
874 853 982 932 gaudet
999 851 1045 910 eis

277 945 351 1023 'quia
364 944 592 1023 repullularunt,
606 962 665 1000 non
679 942 735 1002 sibi
749 943 819 1022 quia
832 943 894 1022 ejus
907 943 1045 1021 indigen-

282 1037 329 1094 tiae
348 1032 556 1094 subvenerunt.
579 1033 651 1092 Ideo
670 1033 786 1092 secutus
808 1034 848 1092 ait
863 1055 870 1091 ε
883 1037 948 1092 Non
965 1037 1048 1111 quod

282 1130 357 1184 desit
374 1128 486 1202 aliquid
502 1127 583 1195 dico;
602 1131 745 1202 egoenim
765 1127 871 1196 didici,
884 1131 923 1196 ,in
942 1123 1046 1202 quibus

276 1239 343 1275 sum
364 1219 505 1286 sufficiens
524 1236 592 1272 esse.
613 1217 678 1275 Scio
692 1229 721 1273 et
737 1223 833 1273 minus
852 1215 964 1286 habere,
982 1224 1044 1272 scio

282 1321 310 1366 et
328 1307 495 1376 abundam-
512 1312 542 1362 in
563 1306 692 1372 omnibus
708 1321 739 1365 et
753 1314 783 1364 in
805 1313 904 1384 omnia
920 1305 1045 1364 imbutus

279 1421 340 1457 sam
348 1421 361 1470 ,·
377 1411 407 1456 et
421 1397 703 1471 acclamantium,
718 1412 747 1456 et
757 1396 918 1470 abundare,
939 1410 968 1455 el
981 1420 1037 1475 pe-

280 1497 395 1548 nuriam
408 1495 496 1566 pati:
507 1492 605 1545 omnia
613 1507 731 1566 possam
745 1496 775 1546 in
790 1509 823 1546 eo
841 1491 892 1566 qui
909 1509 954 1546 me
970 1510 1041 1546 con-

276 1579 370 1656 fortat
382 1591 401 1637 ¹.
670 1573 675 1580 ⁵

323 1673 371 1730 40.
387 1670 472 1732 Unde
486 1691 555 1750 ergo
571 1672 601 1730 in
615 1671 772 1732 omnibus*
784 1669 905 1750 gaudes,
919 1691 937 1730 o
951 1672 1041 1730 Paule

283 1764 406 1841 magnei
419 1763 505 1822 Unde
517 1763 726 1840 gaudennnde
743 1763 880 1842 pasceris,
894 1763 984 1821 homo
999 1782 1043 1821 re·

282 1867 388 1913 novate
401 1854 432 1912 in
447 1853 623 1932 agnitionem
640 1854 694 1912 Dei
708 1853 869 1912 secundum
883 1855 1041 1930 imaginem

281 1943 344 2022 ejus
360 1945 411 2022 qui
431 1931 542 2001 cueavit
558 1956 594 2014 te,
611 1956 640 2002 et
656 1944 751 2003 anima
767 1945 837 2004 viva
852 1957 931 2003 tanta
945 1944 1041 2002 conti-

281 2034 393 2106 nentia,
417 2045 446 2090 et
467 2031 566 2110 lingua
587 2031 715 2090 volatilis
737 2034 858 2110 loquens
881 2035 1042 2111 mysteria?

281 2123 400 2184 Talibus
414 2123 524 2202 quippe
541 2120 737 2182 animantibus
753 2143 819 2182 esca
835 2124 890 2185 is'ta
904 2124 1039 2184 debetur.
1101 2135 1104 2140 ’

282 2216 360 2290 Quid
375 2227 418 2275 est
434 2214 514 2292 quod
530 2227 558 2272 te
571 2215 685 2293 pascit?
697 2215 819 2274 Laetitia.
839 2215 926 2291 Quod
942 2218 1043 2294 sequi·

282 2319 331 2364 tur
350 2305 511 2363 audiamusss
530 2306 739 2377 Verumtamen,
756 2305 861 2385 inquit,
881 2306 950 2365 bene
963 2305 1041 2386 seci-

281 2401 340 2475 stis,
352 2399 593 2450 communicantes
604 2391 779 2453 tribulationi
790 2417 872 2454 meae.
885 2396 962 2456 Hinc
973 2417 1042 2476 gau·

282 2485 346 2556 det,
360 2484 428 2542 hinc
443 2481 583 2566 pascitur,
600 2483 670 2562 quie
684 2485 727 2545 illi
743 2485 969 2561 benefecerunt,
983 2509 1042 2547 non

282 2577 351 2655 quia
369 2575 432 2654 ejus
443 2574 583 2654 angustie
602 2576 732 2635 relaxata
745 2591 802 2651 -est,
821 2580 873 2657 qui
890 2579 962 2639 dicit
978 2581 1042 2652 tibi,

283 2674 317 2726 In
337 2668 519 2726 tribulatione
536 2669 663 2743 dilatasti
681 2670 751 2726 milii
762 2678 790 2727 ²:
806 2671 875 2747 quia
897 2682 926 2728 et
946 2669 1042 2730 abuu-

280 2759 351 2817 dare
366 2771 395 2816 et
408 2757 560 2840 penuriam
574 2757 636 2835 pati
646 2758 728 2817 novit
742 2758 773 2816 in
787 2755 816 2820 te
830 2760 880 2837 qui
896 2763 1042 2820 confortas

282 2867 359 2906 eum.
375 2849 459 2904 Scitis
478 2853 563 2917 enim,
584 2847 691 2926 iuquit,
705 2862 732 2906 et
749 2870 810 2920 vos,
828 2851 1040 2927 Philippenses,

281 2944 417 3016 quoniam
431 2945 461 2995 in
472 2939 618 3014 principio
635 2941 795 3016 Evangelii,
810 2961 872 2998 cum
887 2962 925 2998 ea
936 2945 1042 3000 Mace-

282 3035 372 3088 donia
388 3051 449 3088 sum
464 3027 618 3106 profectas,
634 3034 715 3088 nulla
732 3034 803 3090 milii
814 3035 945 3090 Ecclesia
963 3053 1041 3090 com·

321 3220 494 3288 ‘Philippum
514 3224 601 3272 10-13.
617 3230 676 3266 -εὶ
693 3222 758 3274 Paul.
774 3239 808 3284 iv,
822 3228 845 3274 2.
