2316 4020
276 511 325 558 170
454 509 481 556 S.
500 507 683 558 uuousrtttl
701 509 845 560 Eetscorr

272 629 352 673 mum
372 607 574 686 putrescebat,
592 621 622 666 et
641 609 724 686 quasi
741 609 889 686 frigidius,
903 613 954 672 sed
973 613 1044 678 de-,
1082 585 1086 594 ,

266 698 413 777 sperarius
428 697 555 757 dolebat.
971 699 974 708 ‘

449 863 453 872 “
515 863 651 946 fomur
672 863 760 927 xvr.

338 1012 425 1068 Mortis
441 1021 466 1061 et
479 1010 566 1077 judicii
582 1019 673 1061 matum
692 1027 816 1078 uunquam
834 1011 952 1079 deposuit.

307 1146 354 1204 26.
370 1145 436 1204 Tibi
449 1145 527 1217 laus,
542 1144 596 1204 tibi
608 1145 713 1222 gloria,
730 1146 794 1204 sous
809 1147 1022 1208 misericordia·

264 1255 338 1296 rum.
358 1240 419 1313 Ego
440 1226 553 1293 fiebam
565 1233 707 1306 miserior,
723 1248 752 1293 et
765 1247 796 1292 tu
818 1239 1022 1316 propinquior.

262 1327 372 1384 Aderat
384 1323 445 1401 jam
461 1324 581 1401 jamque
596 1323 716 1384 dextera
727 1337 777 1382 tua
791 1338 912 1402 raptura
923 1347 969 1386 me
986 1328 1022 1387 de

262 1435 359 1487 coeno,
374 1427 404 1473 et
421 1413 558 1473 ablutura
574 1434 635 1484 me;
657 1427 686 1472 et
698 1413 877 1491 ignorabam.
893 1421 954 1476 Nec
974 1439 1020 1478 me

260 1499 418 1564 revocabat
428 1525 445 1562 a
454 1503 645 1584 profundiore
659 1505 843 1586 voluptatum
859 1507 1019 1566 carnalium

259 1596 384 1676 gurgite,
399 1597 455 1656 nisi
469 1608 564 1654 metus
580 1594 681 1653 mortis
697 1605 727 1651 et
737 1595 829 1652 futuri
838 1595 943 1673 judicii
957 1599 1017 1670 tui,

257 1687 309 1764 qui
324 1687 482 1765 pervarias
496 1685 615 1762 quidem
629 1684 795 1762 opiniones,
807 1704 955 1763 nunquam
969 1699 1016 1744 ta-

257 1797 325 1838 men
343 1777 463 1836 recessit
483 1775 519 1834 de
540 1787 659 1853 pectore
680 1793 753 1832 meo.
774 1778 810 1830 Et
831 1773 1017 1851 disputabam

257 1887 324 1926 cum
336 1867 436 1926 amicis
451 1866 522 1924 meis
536 1865 643 1942 Alypio
652 1876 687 1921 ,et
704 1856 845 1946 Nebridio
859 1863 896 1923 de
909 1865 1016 1928 finibus

254 1958 450 2017 bonorumet
470 1958 628 2027 malorum,
649 1954 807 2032 Epicurum
825 1968 1015 2033 accepturum

254 2049 342 2108 fuisse
356 2047 482 2125 palmam
497 2045 637 2102 inanimo
647 2064 723 2116 meo,
736 2044 791 2102 'nisi
805 2064 858 2126 ego
874 2046 1015 2108 credidis·

253 2157 314 2198 sem
328 2147 395 2214 post
408 2146 530 2192 mortem
544 2144 653 2191 restare
671 2133 774 2208 animae
790 2133 893 2206 vitam,
909 2147 938 2192 et
953 2147 1013 2195 tra-

252 2239 315 2284 ctus
329 2225 513 2297 meritorum,
526 2222 606 2300 quod
618 2223 761 2301 Epicurus
769 2223 893 2283 credere
907 2227 1011 2286 noluit.

249 2319 287 2372 Et
300 2311 480 2391 quaerebam,
494 2313 518 2371 si
531 2332 657 2392 essemus
671 2314 847 2373 immortales
861 2328 891 2373 et
903 2315 935 2372 iu
944 2336 1012 2394 per·

249 2415 339 2481 petua
359 2403 491 2480 corporis
511 2403 662 2481 voluptate
684 2403 747 2461 sine
766 2403 828 2462 ullo
849 2405 1010 2466 amissionis

247 2507 360 2553 terrore
374 2494 556 2566 viveremus,
569 2513 622 2552 cnr
635 2513 695 2552 nou
711 2513 837 2554 essemus
849 2493 942 2567 beati,
957 2509 1010 2554 aut

148 2629 149 2638 ,
247 2586 323 2665 quid
339 2585 418 2644 aliud
438 2587 655 2663 quaereremus?
668 2585 806 2656 Nesciens
824 2585 951 2663 idipsum
969 2586 1006 2645 ad

245 2693 380 2753 magnam
394 2676 539 2734 miseriam
553 2675 712 2752 pertinere,
721 2681 723 2689 ’
733 2674 813 2752 quod
830 2675 871 2734 ita
886 2675 1005 2734 demer-

149 2837 153 2842 .
244 2779 335 2824 susat
349 2786 441 2826 caecus
456 2766 583 2844 cogitare
598 2785 656 2823 non
672 2781 786 2843 possem
799 2763 1004 2846 lumenbone-

229 2856 324 2912 'statis
353 2869 382 2913 et
400 2851 497 2933 'gratis
524 2855 733 2933 amplectendae
760 2856 1004 2934 pulchritudiuis,

242 2963 331 3020 quam
352 2965 412 3003 nou
432 2944 511 3006 videt
527 2946 629 3007 oculus
650 2945 758 3018 caruis,
779 2959 809 3004 et
828 2946 947 3018 videtur
966 2967 1003 3006 ex

240 3023 353 3092 intimo.
372 3039 432 3094 Nec
450 3026 670 3108 cousiderobam
689 3036 786 3108 miser,
804 3057 841 3096 ex
856 3057 915 3118 qua
929 3057 1003 3098 vena

239 3123 311 3181 mihi
322 3139 465 3197 manaret,
474 3127 554 3203 quod
566 3127 621 3194 ista
633 3127 709 3205 ipsa,
721 3127 799 3186 foeda
809 3141 919 3200 tumen,
933 3135 1000 3188 cnm

239 3214 337 3275 amicis
352 3215 475 3274 dulciter
490 3216 688 3290 conserebam3
702 3238 756 3288 nec
773 3238 834 3280 esse
847 3220 908 3278 sine
921 3220 998 3278 ami-

789 3455 814 3488 J·
