2354 4034
173 475 176 482 ι
273 413 323 463 ata
459 409 844 462 s.aueusrnunr1se0er

271 529 301 575 et
318 511 373 573 tibi
390 531 481 592 opera
499 515 705 576 misericordia
723 508 875 594 parerent,
893 514 1040 576 distribu-

270 619 350 665 entes
369 605 457 664 etiam
473 605 804 686 pauperibusterrenas
822 609 976 668 facultates
994 609 1038 667 ad

271 697 450 776 acquirenda
473 697 608 756 eoelestia.
632 701 669 755 Et
689 699 758 757 inde
775 699 931 758 accendisti
950 719 1039 778 quae·

271 790 338 848 darn
353 789 508 848 luminaria
518 789 549 846 in
560 790 756 863 firmamento,
768 782 893 850 verbum
904 793 972 850 vitae
983 791 1039 862 ba·

272 881 374 940 bentes
387 893 501 938 sanctos
515 893 594 948 tuos,
605 892 635 938 et
645 881 846 960 spiritualibus
860 882 944 940 donis
957 901 1038 960 prae-

272 973 330 1031 lata
345 971 462 1035 sublimi
479 973 657 1030 arroteritate
675 973 818 1050 fulgentes
836 995 844 1030 ε
862 985 891 1031 et
908 973 978 1032 inde
996 974 1038 1032 ad

272 1061 443 1120 imbuendas
457 1061 588 1120 infideles
598 1058 715 1140 gentes,
732 1068 915 1123 Sacramenta
929 1075 959 1122 et
978 1065 1039 1122 mi-

272 1153 371 1210 racula
385 1151 685 1231 visibilia,vocesque
700 1154 860 1214 verborum
874 1153 1038 1214 secundum

272 1243 485 1300 firmamentum
507 1242 590 1300 Libri
612 1245 674 1316 tui,
697 1243 805 1322 quibus
825 1245 911 1303 etiam
934 1245 1038 1304 fideles

195 1343 201 1354 ’
271 1331 526 1406 benedicerentur,
542 1336 715 1404 exmateria
731 1336 877 1414 corporali
890 1335 1039 1414 produxi-

271 1424 308 1482 sti
325 1444 332 1480 :
350 1436 379 1482 et
391 1423 497 1482 deinde
514 1425 644 1483 fidelium
664 1425 789 1484 animam
804 1427 903 1484 vivam
919 1445 973 1505 per
990 1428 1036 1486 af-

271 1512 364 1571 fectus
379 1512 529 1591 ordinatos
549 1511 850 1592 continentiaetigore
864 1515 996 1584 formasti
1005 1517 1037 1589 *3

271 1603 436 1680 atqueiude
448 1601 501 1660 tibi
510 1603 565 1661 soli
578 1616 705 1662 mentem
718 1603 879 1679 subditam,
890 1618 920 1664 et
927 1606 1037 1666 nullius

270 1695 451 1754 auctoritatis
478 1695 613 1756 humanae
637 1695 674 1752 ad
703 1693 877 1754 imitandum
898 1697 1036 1775 indigen-

271 1798 346 1859 tem,
367 1785 516 1844 renovasti
535 1785 573 1842 ad
591 1785 746 1864 imaginent
766 1795 796 1844 e't
816 1787 1036 1848 similitudinem

272 1890 350 1937 tuam
377 1899 384 1934 :
410 1877 616 1955 praestantique
642 1877 807 1935 intellectui·
832 1877 1036 1940 rationabilem

271 1968 431 2040 actionem,
448 1980 597 2044 tanquam
609 1967 672 2026 viro
690 1967 842 2041 feminam,
857 1967 1037 2043 subdidisti3

271 2059 465 2137 omnibusque
495 2059 552 2117 tuis
581 2058 746 2120 ministeriis
774 2059 812 2116 ad
840 2060 1035 2138 perficiendos

271 2151 371 2210 fideles
384 2151 416 2209 in
434 2152 491 2209 hae
502 2151 563 2209 vita
579 2150 761 2222 necessariis,
778 2151 816 2210 ab
835 2150 951 2210 eisderri
959 2151 1036 2211 fide-

270 2241 347 2302 libus
359 2243 396 2301 ad
411 2263 480 2301 usus
496 2242 683 2320 temporales,
695 2243 845 2301 fructuosa
858 2243 888 2300 in
903 2244 1035 2304 futurum

271 2325 361 2410 opera
374 2332 500 2410 praeberi
511 2333 638 2392 voluisti.
653 2337 722 2392 Haec
739 2334 837 2392 omnia
850 2333 993 2408 videmus,
1007 2348 1037 2393 et

258 2420 348 2512 bona
363 2435 430 2480 sunt
441 2423 543 2496 valde,
558 2423 696 2500 quoniam
709 2437 742 2483 tu
756 2443 791 2483 ea
802 2424 884 2482 vides
894 2424 926 2482 in
939 2424 1037 2498 nobis,

271 2515 323 2594 qui
343 2515 499 2596 Spiritum,
519 2534 578 2594 quo
602 2535 636 2574 ea
658 2516 827 2583 videremus
844 2529 874 2574 et
894 2516 985 2576 ineis
1008 2530 1037 2574 te

272 2626 449 2679 amaremus,
473 2606 578 2666 dedisti
596 2605 690 2666 nobis.

504 2774 638 2838 CAPUT
660 2773 795 2840 XXXV.

451 2993 454 2998 ι
522 2921 524 2926 ’
560 2931 634 2992 Optat
650 2929 741 2990 pacem.
759 2947 762 2950 ·

269 3073 271 3080 ⁴
311 3067 361 3125 50:
380 3068 505 3154 Domine
523 3071 616 3138 Deus,
637 3085 739 3146 pacem
758 3066 795 3125 da
814 3063 899 3124 nobis
918 3063 1036 3144 (omnia

271 3159 347 3216 enirn
363 3151 521 3235 praestitisti
540 3157 656 3238 nobis);
673 3177 776 3235 pacem
793 3155 912 3234 quietis,
928 3171 1035 3232 pacem
