2352 4094
301 465 550 518 CONFESSIONUM
567 468 663 520 LIBER
680 471 739 521 ΧΠ.
844 478 896 526 397

135 565 232 623 cundo
256 557 304 624 die
325 579 571 626 commemoratur
595 569 703 628 sactum
728 570 896 632 firmamen-

134 666 212 728 tum,
224 667 253 713 et
267 668 404 715 vocatum
419 656 539 730 coelum3
553 656 682 716 insinuat
696 658 805 737 dequo
822 664 897 721 coelo

133 746 217 822 prius
235 747 296 805 sine
315 746 419 806 diebus
438 765 534 806 sermo
554 747 669 807 locutus
689 748 735 808 sit.

392 935 526 998 CAPUT
546 935 635 999 XIV.
678 1006 683 1010 ⁴

360 1097 490 1165 Scriptum
505 1098 665 1166 profunditur.
748 1168 751 1176 ,

179 1247 223 1305 17.
249 1247 323 1306 Mira
336 1247 527 1326 profunditas
550 1248 735 1326 eloquiorum
763 1262 897 1323 tuorum,

138 1358 262 1417 quorum
291 1358 359 1398 ecce
385 1351 451 1397 ante
476 1359 529 1398 nos
554 1341 722 1418 superficies
741 1339 895 1403 blandiens

137 1431 266 1509 parvulis
286 1452 294 1488 r
316 1429 367 1488 sed
387 1431 460 1488 mira
481 1430 682 1508 profunditas,
701 1437 780 1491 Deus
798 1453 898 1506 meus,

136 1522 211 1580 mira
220 1521 418 1600 profunditas!
429 1524 542 1578 Horror
555 1533 598 1580 est
611 1521 763 1580 intendere
776 1523 807 1580 in
818 1542 895 1595 eam3

135 1609 241 1668 horror
254 1609 387 1681 honoris,
402 1620 431 1666 et
447 1620 556 1667 tremor
579 1609 696 1668 amoris.
719 1610 776 1668 Odi
798 1610 897 1670 hostes

136 1697 199 1776 ejus
214 1699 448 1768 vehementer.0
469 1697 494 1756 si
514 1697 630 1758 occidas
650 1718 699 1757 eos
716 1698 752 1758 de
766 1699 779 1725 *
798 1700 895 1777 gladio

136 1788 183 1848 bis
196 1803 298 1864 acuto,
308 1803 338 1849 et
346 1811 405 1848 non
414 1790 472 1848 sint
480 1789 577 1847 hostes
589 1787 666 1866 ejus!
680 1789 726 1848 Sic
740 1789 817 1850 enim
829 1810 895 1849 amo

137 1899 186 1940 eos
200 1881 295 1940 occidi
312 1879 383 1954 sibi,
401 1890 434 1938 ut
454 1880 554 1938 vivant
569 1877 630 1938 tibi.
645 1883 720 1944 Ecce
735 1892 832 1939 autem
846 1882 896 1940 uit

136 1991 195 2030 non
212 1970 450 2050 reprehensores,
464 1970 515 2028 sed
529 1968 694 2029 laudatores
710 1969 779 2030 libri
797 1972 895 2029 Gene-

136 2081 200 2121 seos
221 2066 324 2133 elion,
345 2061 496 2138 inquiunt,
511 2060 568 2119 hoc
585 2061 679 2119 voluit
695 2061 726 2118 in
740 2061 786 2120 his
797 2061 895 2120 verbis

135 2150 258 2230 intelligi
269 2151 395 2230 Spiritus
409 2151 479 2222 Dei,
494 2148 546 2226 qui
557 2168 611 2230 per
620 2154 741 2227 Moysen
754 2151 896 2210 famulum

136 2239 199 2320 ejus
220 2241 274 2300 isto
295 2239 481 2317 conscripsit;
500 2258 560 2297 non
577 2239 634 2297 hoc
656 2240 750 2298 voluit
773 2240 895 2318 intelligi

136 2332 217 2410 quod
240 2344 272 2390 tu
296 2331 386 2404 dicis,
408 2329 562 2390 sed‘aliud
584 2330 665 2416 quod
687 2349 740 2390 nos
761 2330 893 2390 dicimus.

135 2423 249 2498 Quibus
273 2443 343 2504 ego,
366 2435 395 2482 te
413 2422 543 2495 arbitro,
566 2427 663 2494 Deus,
685 2422 816 2480 omnium
837 2441 893 2479 no-

134 2516 298 2585 strorum*‚
315 2514 356 2571 ita
379 2512 552 2590 respondeo.
645 2503 648 2508 ’

400 2696 534 2760 orror
555 2697 626 2759 xv.
678 2783 682 2790 ,Ν

139 2863 199 2924 Quae
216 2862 247 2912 de
263 2865 317 2912 Deo
333 2862 411 2928 deque
429 2859 528 2926 Angelis
547 2869 573 2910 et
591 2853 689 2908 inlo'rmi
704 2857 804 2908 motoria
822 2860 895 2910 sentit

205 2942 366 3009 Augustinus,
384 2958 434 2993 nou
449 2941 550 3008 possubt
563 2939 713 2992 oblocutores
725 2954 820 3020 negare.

178 3091 223 3150 18.
235 3095 313 3150 Num
328 3089 430 3152 dicetis
445 3090 517 3150 falso
529 3109 607 3162 esse,
621 3109 686 3168 qum
699 3089 770 3151 mihi
780 3089 892 3150 Veritas

133 3202 206 3244 voce
226 3184 295 3243 forti
316 3183 345 3242 in
363 3201 464 3242 aurem
482 3181 651 3243 interiorem
673 3179 744 3240 dicit
765 3179 802 3238 de
821 3197 892 3238 vera
