2384 4052
246 502 296 556 t'to'
431 503 458 550 S.
474 494 655 547 AUGUS'HNI
672 493 837 548 retscorts

245 609 306 664 ium
320 601 444 671 libeat*,
459 599 629 676 quantulum
651 592 743 674 possit
761 609 836 665 ntur
853 596 1027 666 cohiherist·

245 695 333 752 etiam
344 695 474 750 incasto
492 689 660 747 dormientis
674 689 796 760 affeetu,
813 707 871 744 non
887 699 1011 744 tantum¹

244 785 276 842 in
287 782 342 840 hac
360 782 436 852 vita,
455 779 506 838 sed
526 779 612 836 etiam
627 779 657 836 in
678 777 734 834 hac
749 788 846 849 aetate,
864 796 922 834 non
935 795 1011 832 mar-n

244 894 333 952 gnum
352 885 395 930 est
412 869 617 947 omnipotenti,
634 868 685 944 qui
705 870 783 928 vales
797 869 893 926 faeere
911 883 999 944 supra

245 983 332 1042 quam
358 963 484 1039 petimus
512 973 541 1018 et
563 959 777 1044 intelligimus¹.
799 965 882 1017 Nunc
904 971 999 1015 tamen

244 1053 316 1133 quid
335 1051 431 1110 adhue
447 1051 500 1108 sim
521 1051 551 1106 in
569 1050 626 1105 hoc
644 1067 749 1134 genere
764 1048 832 1104 mali
850 1047 921 1118 mei,
938 1046 1009 1104 dixi-

179 1139 185 1152 '
243 1140 369 1197 Domino
384 1138 464 1195 bono
477 1155 557 1206 meo,
570 1135 716 1193 exsultans
730 1149 797 1192 eum
812 1145 956 1192 tremore²
969 1137 1009 1192 io-

245 1247 279 1285 eo
293 1227 373 1304 quod
385 1225 498 1283 donasti
514 1225 599 1292 mihi,
616 1237 645 1282 et
655 1225 756 1301 lugeas
768 1226 798 1282 in
811 1243 847 1282 eo
861 1223 941 1302 quod
954 1224 1002 1280 in-

153 1362 157 1373 .
245 1327 459 1374 consummatus
473 1335 549 1385 sum,
561 1333 681 1391 sperans
691 1316 704 1340 *
718 1316 917 1392 perfecturum
930 1327 958 1372 te
969 1315 1008 1372 in.

244 1423 290 1464 me
304 1403 515 1462 misericordias
533 1417 595 1462 tuas
612 1423 704 1480 usque
721 1405 759 1464 ad
777 1425 880 1483 pacem
897 1406 1002 1482 plena-

245 1493 334 1564 riam,
348 1513 434 1569 quam
448 1507 544 1550 tecum
558 1492 710 1567 habebunt
720 1494 861 1558 interiora
869 1507 904 1554 vet
916 1507 1008 1552 exto,

245 1583 322 1640 riora
336 1603 415 1654 mea,
431 1603 498 1642 cum
514 1581 653 1660 absorpta
669 1584 757 1644 inerit
767 1603 849 1662 prors
862 1585 893 1644 in
906 1585 1002 1642 vieto-

245 1674 317 1732 riam
328 1673 349 1728 ³.
583 1680 588 1690 “

489 1805 623 1866 error
642 1784 759 1897 xxxi.

404 1981 438 2026 Ut
449 1993 474 2026 se
491 1977 552 2042 gerit
563 1977 595 2026 ad
608 1976 753 2027 tentationes
768 1961 839 2042 gaiae*

286 2140 332 2198 43.
344 2144 394 2197 Est
408 2141 463 2198 alia
477 2139 586 2198 malitia
601 2141 667 2212 diei,
678 2161 743 2218 quae
752 2126 862 2198 utinam
875 2133 1007 2200 sufficia?

247 2232 283 2287 ei.
298 2229 454 2286 Reficimus
465 2229 541 2284 enim
558 2229 741 2304 quotidianas
758 2231 856 2288 ruinas
869 2233 1002 2309 corporis

246 2317 359 2375 edendo
370 2331 399 2375 et
409 2317 550 2388 bibendo,
560 2318 728 2396 priusquam
740 2318 818 2378 isoes
829 2335 859 2378 et
867 2335 1000 2380 ventrem
1055 2339 1057 2344 ’

247 2407 390 2478 destruas,
404 2427 470 2464 cum
484 2407 625 2465 occideris
640 2407 828 2485 indigentiam
842 2429 936 2468 meam
950 2429 1006 2469 sat-²

246 2495 344 2554 tietate
358 2496 492 2569 mirifica,
504 2509 533 2554 et
547 2492 737 2576 corruptibile
748 2499 804 2558 hoc
816 2499 1004 2558 introisti-¹

246 2588 431 2664 corruptione
450 2588 625 2665 sempiterna
641 2590 663 2646 ⁴.
684 2593 768 2647 Nunc
787 2603 883 2648 autern
902 2591 1000 2648 suavis

246 2689 290 2734 est
305 2679 377 2736 mihi
391 2679 557 2749 necessitas,
577 2692 607 2737 et
624 2679 762 2738 adversus
778 2681 862 2738 istam
876 2681 1001 2738 suavite-

246 2779 304 2824 tem
322 2789 420 2845 pugno
436 2790 473 2827 ne
495 2770 609 2846 capiam
627 2782 656 2827 et
669 2770 871 2846 quotidianum
890 2771 1004 2829 heitom

246 2877 315 2933 gero
329 2859 357 2914 in
369 2859 503 2935 jejuniis,
518 2861 629 2937 saepius‘
637 2860 666 2916 in
678 2861 849 2918 servitutem
866 2859 1004 2940 redigens

247 2967 352 3025 corpus
373 2950 506 3020 meum⁵;
524 2964 554 3008 et
565 2950 683 3009 dotores
698 2952 754 3010 m'ei
768 2953 917 3030 voluptate
935 2956 1003 3031 pei-

283 3127 397 3192 =Ephes
414 3145 459 3187 ut,
474 3133 516 3178 20.
529 3153 565 3176 .-
584 3123 722 3190 ‘entim
738 3129 826 3182 ll‚-2-
843 3123 1001 3191 Hennae,

249 3208 288 3254 ili.
307 3207 444 3278 “⁴1bid:
462 3211 503 3260 53.
515 3233 551 3246 -
566 3205 600 3256 ⁵1
618 3211 674 3260 Cor.
690 3225 727 3269 tx,
744 3211 785 3260 at.
814 3281 820 3290 .
