2316 4020
241 501 287 546 tot
423 498 447 543 S.
466 495 646 543 attonsum
663 494 809 544 Episcopi

237 599 353 654 tistuae.
363 601 511 654 Ettamen
526 594 683 672 pulchrum
694 595 768 653 illud
781 605 868 670 atque
883 603 994 669 aptum,

237 687 315 744 uude
327 687 365 744 ad
378 707 444 744 cum
457 685 643 762 scripseram,
652 683 777 743 libenter
790 684 888 742 animo
899 701 997 741 versa·

238 777 319 847 bam,
342 777 380 834 ob
402 796 434 834 os
457 774 805 852 contemplationis-meae
824 773 851 846 *,
869 773 995 846 etnullo

239 865 437 923 collaudatore
457 862 592 922 mirabar.

502 1027 636 1098 CAPUT
657 1037 729 1101 XV.

242 1197 312 1260 Quod
324 1195 487 1262 corporalibus
497 1195 640 1262 imaginibus
650 1195 847 1253 contenebratus,
860 1209 909 1244 non
920 1193 1003 1260 potuit

350 1273 354 1281 '
498 1292 582 1344 capere
597 1276 739 1344 spiritualia.

283 1419 331 1475 at.
350 1419 406 1476 Sed
421 1431 506 1477 tantae
522 1419 565 1476 rei
578 1419 725 1477 cardinem
739 1421 770 1476 in
785 1429 847 1475 arte
862 1429 911 1474 tua
922 1437 1001 1474 non-

244 1509 314 1566 dum
328 1507 481 1581 videbam,
494 1508 692 1585 Omnipotens,
709 1508 760 1584 qui
772 1507 844 1566 facis
855 1505 1000 1564 mirabilia

242 1601 321 1656 solus
337 1609 368 1654 ¹:
388 1597 494 1656 et'ihat
511 1597 623 1654 animus
638 1615 719 1655 meus
737 1617 791 1675 per
805 1597 911 1656 formas
933 1616 1005 1654 cor--

243 1707 360 1764 poreas3
374 1698 403 1744 et
414 1687 581 1765 pulchrum,
593 1685 672 1763 quod
683 1707 737 1764 per
749 1687 889 1764 seipsum3
899 1697 1006 1764 aptum*

238 1789 355 1846 autern,
370 1777 450 1854 quod
465 1777 503 1835 ad
519 1776 629 1854 aliquid
644 1777 895 1834 accommodatum
911 1776 1001 1834 dece-

244 1881 306 1939 ret,
321 1867 496 1928 defioiebam
513 1879 543 1924 et
565 1867 791 1944 distinguebam,
809 1879 839 1925 et
856 1867 1003 1944 ¹exemplis

245 1958 395 2035 corporeis
411 1955 587 2015 astruebam.
602 1960 638 2012 Et
651 1955 782 2014 converti
788 1975 841 2014 me
861 1955 899 2013 ad
914 1954 1007 2012 animi,

245 2059 395 2118 naturam
409 2059 438 2107 et
455 2065 514 2104 non
525 2065 571 2104 me
583 2045 696 2104 sinebat
713 2047 784 2104 falsa
798 2045 898 2124 opinio
914 2065 1004 2122 mam

246 2139 283 2195 de
304 2135 504 2215 spiritualibus
516 2133 684 2208 babebam,
698 2151 810 2197 verum·
824 2155 954 2194 cernere.
967 2137 1004 2191 Et

245 2226 377 2285 irruebat
393 2228 423 2283 in
444 2225 544 2283 oeulos
565 2225 628 2304 ipsa
641 2227 685 2284 vis
697 2227 775 2299 veri,
789 2237 819 2285 et
835 2225 1005 2284 avertebam

242 2317 438 2394 'palpitantem
461 2329 586 2375 mentem
606 2316 643 2375 ab
663 2318 838 2396 incorporea
854 2337 886 2375 re
908 2316 945 2375 ad
964 2315 1003 2374 li-

246 2417 407 2478 neamente,
417 2418 446 2464 et
457 2407 578 2479 colores,
588 2420 618 2464 et
629 2417 771 2466 tumentes
782 2405 1003 2484 magnitudines.

247 2502 283 2555 Et
292 2497 361 2574 quia
374 2518 431 2555 non
445 2506 576 2576 poteram
591 2517 624 2556 ea
634 2497 735 2575 videre
748 2499 779 2555 in
796 2498 892 2554 animo
901 2538 909 2567 ,
918 2505 1006 2573 puta—

247 2586 315 2644 bam
338 2607 385 2644 me
406 2607 464 2644 non
484 2605 569 2664 posse
589 2587 689 2654 videre
702 2587 829 2645 animum
846 2605 952 2644 meum.
969 2589 1007 2644 Et

248 2695 315 2734 eum
334 2676 365 2734 in
388 2676 495 2736 virtute
517 2697 619 2755 pacem
640 2696 783 2748 amarem,
796 2677 834 2734 in·
850 2676 1006 2734 vitiositate

249 2781 346 2824 autam
359 2767 485 2826 odissem
497 2767 685 2838 discordiam;
701 2760 731 2824 in
746 2768 795 2825 illa
807 2767 964 2837 unitatem,
976 2767 1015 2824 in-

248 2855 306 2912 ista·
322 2858 477 2932 quamdam
492 2856 662 2915 divisionem
685 2855 831 2914 notabam.
851 2860 944 2934 Inque
958 2855 1009 2912 illa

249 2945 361 3002 unitate
380 2965 461 3006 meas
482 2948 630 3006 rationalis
650 2959 682 3004 et
700 2959 803 3005 natura
822 2947 952 3006 veritatis
975 2966 1008 3004 ac

251 3035 355 3094 summi
376 3036 447 3096 boni
464 3038 534 3096 mihi
549 3056 610 3096 esse
626 3037 782 3097 videbatur
797 3059 804 3095 t
820 3039 851 3097 in
869 3038 923 3096 ista
937 3055 1012 3096 vero
1074 3093 1077 3100 .

289 3206 520 3266 ¹Pml.t.xxt,b8.
