2352 4094
311 413 561 464 CONFESSIONUM
577 413 673 462 natta
690 415 749 461 ΧΠ.
858 417 909 464 395

149 515 231 570 Deus
246 530 343 585 meus,
363 525 503 590 quantum
522 533 569 572 me
586 503 813 590 ad'pulsandum
828 515 911 572 exci-

150 613 211 674 tas,
229 615 431 680 quantumque
445 596 573 680 pulsanti
585 602 699 680 aperis3
717 601 777 660 duo
795 603 912 680 reperio

151 711 218 768 quae
229 693 323 750 fecisti
338 692 466 750 carentia
480 691 674 770 temporibus,
690 711 756 752 cum
774 691 828 750 tibi
843 712 913 750 neu-

152 793 231 840 trum
251 795 429 842 coaeternum
446 781 492 842 sit.
510 785 623 855 Unum,
644 781 724 860 quod
741 782 784 839 ita
803 783 913 843 forma-

153 885 215 930 tum
230 886 288 946 est,
298 885 336 934 ¹ut
347 874 411 932 'sine
433 865 494 932 ullo
509 872 625 932 defectu
642 871 911 950 contemplationis,

153 964 215 1022 sine
226 964 286 1028 ullo
301 964 456 1022 intervallo
470 963 654 1036 mutationis,
669 953 801 1041 quamvis
816 976 914 1022 muta-

153 1054 213 1112 bile
231 1067 327 1112 tamen
341 1075 400 1113 non
414 1067 574 1127 mutatum,
590 1068 639 1114 tua
654 1045 812 1114 aeternitate
826 1067 913 1133 atque

153 1144 445 1204 incommutabilitate
466 1145 635 1226 perfruatur
652 1167 659 1202 :
674 1146 817 1217 alterum,
832 1145 914 1222 quod

152 1237 195 1293 ita
215 1236 339 1294 informe
361 1248 438 1308 erat,
462 1249 495 1294 ut
509 1256 546 1295 ex
565 1255 624 1314 qua
641 1236 751 1309 forma,
770 1236 801 1294 in
825 1254 913 1314 quam

153 1328 276 1386 formam
297 1329 345 1386 vel
365 1327 503 1388 motionis
521 1329 569 1388 vel
590 1329 721 1388 stationis
735 1340 914 1400 mutaretur,

153 1437 214 1496 quo
230 1418 354 1496 tempori
366 1418 551 1490 subderetur,
565 1435 624 1477 non
636 1417 766 1476 haberet
784 1416 841 1476 Sed
855 1417 914 1476 hoc

156 1521 188 1566 ut
203 1509 329 1568 informe
345 1495 419 1568 esiet
434 1529 492 1566 non
509 1507 662 1584 reliquisti,
672 1507 811 1591 quoniam
822 1507 916 1564 fecisti

155 1613 221 1660 ante
239 1621 354 1660 ornnem
372 1600 467 1672 diem,
480 1599 511 1658 in
527 1599 674 1678 principio
691 1599 796 1658 coelum
813 1609 843 1656 et
853 1611 915 1656 ter—

154 1709 230 1767 ram,
247 1690 311 1750 baec
324 1690 384 1750 duo
394 1709 459 1767 qnae
473 1687 617 1748 dicebam.
629 1693 720 1748 Terra
738 1701 835 1748 autem
845 1687 917 1762 invi·

155 1784 246 1846 sibilis
268 1797 331 1844 erat
351 1797 381 1844 et
399 1781 606 1862 incomposita,
628 1791 658 1842 et
677 1778 804 1842 tenebrae
828 1797 920 1861 supet·

155 1878 303 1956 abyssum.
320 1874 434 1952 Quibus
447 1872 546 1934 verbis
560 1867 724 1948 insinuatur
738 1872 916 1948 informitas,

157 1981 189 2028 nt
202 1966 346 2046 gradatim
360 1965 560 2044 excipiantur,
574 1965 626 2044 qui
641 1964 839 2024 omnimodam
850 1985 918 2044 spe—

158 2057 212 2116 ciei
228 2057 423 2138 privationem
435 2074 489 2114 nec
504 2066 603 2114 tamen
618 2055 656 2114 ad
667 2055 740 2114 nihil
749 2057 918 2134 perventio-

157 2169 222 2208 nem
233 2152 360 2228 cogitare
370 2169 429 2208 non
445 2141 582 2226 possunt,
598 2148 682 2220 unde,
693 2149 777 2208 fieret
793 2151 917 2228 alterum

67 2265 71 2274 ·
157 2242 281 2312 coelum,
295 2253 325 2298 et
344 2253 421 2298 terra
438 2238 561 2308 visibilis
580 2252 668 2318 atque
691 2241 868 2319 composita,
889 2254 918 2300 et

157 2351 232 2410 aqua
245 2331 376 2410 speciosa
382 2328 392 2405 ',
406 2344 436 2390 et
452 2330 597 2414 quidquid
611 2331 748 2412 deinceps
761 2334 793 2392 in
807 2334 917 2396 consti—

158 2421 377 2502 tutione-hujus
397 2421 500 2494 mundi
514 2444 574 2482 non
592 2423 655 2482 sine
676 2422 782 2483 diebus
807 2425 917 2492 factam

158 2525 415 2583 commemoratum
430 2512 499 2589 quia
513 2513 582 2571 talia
595 2525 662 2572 sunt
672 2525 706 2570 ut
723 2513 753 2572 in
770 2514 811 2570 eis
828 2531 918 2590 agan-

159 2615 206 2658 tur
218 2600 431 2662 vicissitudines
446 2613 623 2678 temporum,
631 2614 754 2680 propter
768 2600 917 2660 ordinatas

161 2690 398 2751 commutationes
417 2689 579 2752 motionum
600 2703 688 2768 atque
706 2690 875 2748 formarum.
