2352 4094
255 408 263 422 ·
292 395 342 449 408
475 401 499 448 S.
519 397 701 448 AUGUSTINI
719 397 863 448 Erlscort

286 497 384 560 Verbo
401 517 457 556 sao
474 497 530 556 sibi
548 511 692 557 coaeterno
708 497 777 556 fecit
792 503 871 556 Dens
884 497 1053 562 universam

285 590 371 648 istam
383 591 491 647 molem
502 589 638 668 corporei
650 587 752 646 mundi
763 585 866 664 hojum
877 608 944 647 cum
955 591 1054 649 omni-

287 677 342 737 bus
361 697 433 756 quas
451 678 581 738 continet
599 676 757 736 manifestis
775 677 910 754 notisque
926 681 1050 746 naturis.

286 768 375 826 Aliud
387 760 438 845 oui
451 768 523 826 dicit
538 790 546 824 t
561 767 596 826 Ia
603 769 750 844 principio
760 763 837 840 fecit
850 770 928 824 near
945 773 1050 848 ειεὶιιιιιΙ

287 872 442 928 artemam,
461 858 492 916 id
508 871 564 931 est,
583 862 618 918 ln
638 855 736 928 Verbo
757 876 811 915 ruo
831 856 887 915 sibi
902 870 1049 919 coaeterno

287 947 355 1006 fecit
370 952 450 1008 Deus
463 947 618 1006 informem
636 947 789 1004 materiam
805 959 945 1006 creaturae
960 949 1049 1028 spiri-

287 1037 372 1096 tualis
386 1049 416 1096 et
431 1037 601 1115 corporalis.
614 1034 704 1094 Aliud
718 1034 769 1112 qni
782 1033 853 1094 dicit
868 1056 875 1092 z
888 1040 924 1094 In
933 1045 1050 1112 princi-

281 1133 335 1202 pio
340 1125 416 1202 sectr
423 1131 501 1184 Deos
512 1130 613 1184 eoelam
628 1139 658 1182 et
667 1139 784 1195 tetram,
797 1124 828 1183 id
840 1139 892 1198 est,
905 1130 940 1185 In
950 1126 1048 1188 Verbo

285 1235 340 1274 suo
349 1215 407 1276 eibi
416 1202 560 1274 coaeterno
569 1215 638 1272 iecit
645 1219 727 1272 Deus
733 1213 887 1272 informem
896 1218 1047 1276 materiam

286 1317 428 1364 creaturae
446 1305 607 1383 corporalis
621 1303 674 1362 ubi
696 1304 851 1364 confusum
867 1305 965 1364 adhuc
984 1321 1048 1366 erat

285 1396 390 1454 coelum
407 1407 437 1454 et
450 1407 545 1468 terra,
559 1415 628 1473 quae
639 1414 718 1454 nunc
731 1394 793 1472 jam
808 1396 943 1459 distincta
959 1411 1047 1477 atque

283 1485 409 1544 formata
420 1487 451 1544 in
469 1487 554 1546 istius
567 1484 670 1546 mundi
693 1487 770 1546 mole
790 1487 938 1546 sentimus.
959 1487 1048 1546 Aliud

284 1577 335 1652 qui
347 1577 440 1636 dioit¹t
457 1583 493 1636 In
500 1585 649 1655 principio
660 1575 736 1652 serit
744 1580 822 1635 Dens
835 1581 977 1660 coelum-et
990 1592 1048 1656 ter-

284 1687 356 1739 mm,
366 1669 398 1726 id
411 1681 470 1740 est,
485 1673 520 1727 ln
531 1670 596 1746 ipso
608 1669 730 1728 exordio
742 1669 867 1728 faciendi
879 1681 968 1746 atque
980 1689 1047 1748 ope·

284 1759 385 1831 randi,
401 1759 471 1818 fecit
487 1764 567 1819 Deus
586 1760 742 1820 informem
755 1759 907 1818 materiam
927 1759 1046 1818 confuse

282 1848 439 1909 habentem
450 1851 555 1908 coelum
566 1863 713 1918 etterram
723 1872 731 1922 ;
743 1849 822 1908 unde
832 1851 956 1910 formata
965 1872 1045 1909 nune

283 1941 411 1998 eminent
428 1953 458 1998 et
475 1952 630 2018 apparent,
651 1957 717 1998 cnm
733 1938 870 1998 omnibus
883 1960 948 2016 quae
961 1941 992 1998 in
1006 1941 1049 2000 eis

285 2041 361 2086 sunt.

541 2151 674 2213 CAPUT
695 2151 782 2214 XXI.

369 2316 441 2360 Terra
452 2321 505 2360 erat
517 2311 643 2363 invisibilis
658 2322 704 2365 ete.
717 2313 790 2365 rarie
803 2312 960 2364 intellectum.

321 2468 368 2526 30.
383 2471 457 2526 Item
473 2469 554 2546 quod
572 2471 674 2530 attinet
687 2471 726 2530 ad
740 2473 920 2530 intellectum
935 2465 1046 2530 verbo·

281 2580 348 2620 rum
363 2560 564 2638 sequentium,
578 2561 686 2622 axillis
704 2561 839 2636 omnibns
853 2561 949 2636 reris,
963 2563 1044 2621 aliud

279 2651 335 2710 sibi
354 2653 428 2711 tollit
444 2652 495 2729 qui
512 2652 606 2711 dicit:
631 2656 715 2712 Terra
741 2667 836 2711 antem
857 2663 921 2734 erat
941 2660 1042 2710 invisi-

282 2743 346 2801 br'lis
368 2759 397 2802 et
418 2749 619 2821 incomposita,
647 2760 675 2804 et
698 2745 823 2804 tenebroe
848 2758 931 2802 erant
957 2737 1044 2821 reaper

281 2835 422 2910 abyssum,
449 2835 480 2893 id
502 2849 560 2908 est,
576 2834 753 2915 Corporale*
775 2835 848 2893 illud
868 2835 948 2912 quod
973 2836 1043 2892 fecit

280 2931 369 2997 Deus,
384 2925 481 2984 adhuc
491 2928 628 2986 materies¹
640 2939 703 2986 erat
718 2945 928 3005 corporearum
941 2944 1043 2984 rerum

279 3015 428 3088 informis,
443 3017 505 3075 sine
519 3017 637 3091 ordine,
650 3019 713 3077 sine
727 3017 804 3075 luce.
824 3015 913 3076 Aliud
930 3017 981 3093 qui
997 3015 1043 3073 di-

279 3105 318 3163 cit
334 3128 340 3164 :
359 3106 444 3163 Terr'a
457 3104 550 3164 autem
565 3121 629 3165 erat
640 3107 787 3166 interibilis
800 3120 828 3164 et
841 3111 1040 3181 incomposita,
