2394 4010
249 493 297 542 274
428 494 453 541 S.
472 490 653 542 AUGUSTINI
669 487 814 542 Episcopi

182 637 183 640 ,
249 592 432 670 concupivit,
459 605 510 650 aut
529 590 642 650 'curavit
664 592 1000 670 sepulcrum.patrium;

249 701 306 740 non
319 682 375 740 ists
386 681 534 741 mandavit
546 681 630 740 nohis
643 701 651 738 :
662 681 713 740 sed
725 681 924 740 tantummodo
937 703 1000 741 me-

249 772 370 830 moriam
391 772 491 834 suiad
510 773 600 830 altare
619 784 702 830 tuum
722 769 793 830 fieri-
805 771 999 844 desideravit,

250 863 296 920 cui
307 862 414 920 nullius
426 861 485 922 diei
498 861 737 941 praetermissione
750 861 906 942 servieram
921 862 999 920 unde

249 953 335 1033 sciret
346 951 505 1030 dispensari
522 951 669 1010 victimam
682 962 826 1022 sanctam,
848 969 907 1026 qua
920 950 1000 1009 dele-

251 1055 317 1107 tum.
333 1057 377 1102 est
395 1042 619 1120 chirographum
637 1039 717 1118 quod
740 1053 802 1099 erat
822 1042 999 1099 conueniunt

250 1133 334 1192 nobis
346 1142 366 1204 ¹,
382 1152 439 1209 qua
452 1132 646 1210 triumphatus
660 1143 704 1189 est
720 1129 811 1189 hostis
831 1143 1004 1208 computans.

251 1221 358 1280 delicta
376 1234 491 1294 nostra,
513 1235 542 1280 et
563 1238 694 1298 quaerens
715 1219 787 1298 quid
807 1219 943 1298 objiciat,
973 1233 1002 1278 et

251 1309 323 1368 nihil
337 1310 483 1368 inveniens
495 1311 526 1370 in
539 1310 593 1368 illo·
603 1310 634 1368 in
646 1328 705 1387 quo
716 1309 867 1368 vincimus.
889 1310 959 1384 Quis
974 1311 1001 1369 ei

252 1399 387 1458 refundet
404 1399 586 1459 innocentem
605 1399 796 1476 sanguinem?
817 1400 888 1474 Quis
907 1401 935 1458 ei
954 1419 1001 1459 re-

252 1489 350 1548 stituet
369 1489 495 1567 pretium
517 1506 577 1566 qno
597 1507 650 1546 nos
670 1487 740 1548 emit
758 1501 793 1546 nt
816 1507 871 1546 nos
889 1489 1001 1548 auferat

252 1579 321 1636 ei*?
340 1579 388 1638 Ad
400 1579 484 1658 cujus
500 1579 586 1658 pretii
600 1578 691 1638 nostri
700 1590 913 1636 sacramentum
926 1579 1001 1654 liga-

252 1668 295 1727 vit
319 1669 422 1730 ancilla
440 1681 502 1727 tua
525 1669 650 1726 animam
674 1687 756 1726 suam
781 1669 899 1726 vinculo
924 1667 1000 1744 fidei.
1068 1744 1072 1750 ι

252 1759 343 1818 Nemo
363 1777 381 1816 a
400 1759 581 1838 protectione
597 1769 646 1815 tua
663 1749 829 1833 disrumpat.
842 1775 914 1815 eam.
939 1760 1005 1816 Nou

253 1864 284 1904 se
298 1847 463 1926 interponat
479 1868 534 1908 nee
548 1847 579 1906 vi
597 1847 653 1905 neo
664 1843 775 1904 insidiis
788 1845 837 1926 leo¹
853 1858 882 1933 et
893 1845 1001 1906 draco:

252 1952 346 2011 neque
369 1939 446 1995 enirn
464 1933 652 2014 respondebit
672 1934 722 1994 illa
737 1934 812 1992 vnihil
834 1953 865 1992 se
885 1933 1005 2007 debere,

252 2045 289 2084 ne
314 2028 500 2088 convineatur
526 2039 555 2084 et
585 2024 749 2084 obtineatur
775 2022 813 2082 ab
837 2037 1006 2082 accusatore

254 2116 375 2188 callium
394 2116 450 2174 sed-
458 2113 646 2194 respondebit
657 2113 775 2174 dimissa
788 2111 886 2172 debita
901 2133 953 2171 sna
966 2112 1004 2174 ab
1056 2165 1059 2170 Δ

255 2223 303 2276 eo,
324 2207 371 2264 cui
386 2225 472 2264 nemo
488 2203 591 2264 reddet
598 2199 683 2285 'quod
703 2221 763 2280 pro.
776 2200 862 2261 nobis
880 2200 1006 2283 nonde-

255 2292 476 2366 bernreddidit.

294 2383 341 2440 37.
359 2385 401 2444 Sit
418 2401 488 2461 ergo
507 2384 537 2441 in
554 2401 626 2460 pace
642 2401 709 2440 cum
726 2385 807 2455 viro,
830 2396 897 2441 ante
917 2401 1004 2459 quem

255 2469 328 2528 nulli
343 2483 373 2528 et
387 2483 551 2549 postquem
564 2471 637 2531 nulli
647 2483 738 2550 nupta
752 2461 809 2541 est3
827 2472 874 2529 cui
888 2462 1006 2530 servivit

256 2560 382 2619 fructum
399 2559 453 2622 tibi
469 2549 592 2620 afferens
609 2582 676 2621 cum
691 2560 842 2620 tolerantia
854 2568 876 2632 ²,
893 2573 926 2618 ut
940 2578 1006 2618 eum
1054 2591 1056 2594 ·

256 2669 374 2727 quoque
394 2651 556 2711 lucraretur
579 2650 641 2710 tibi.
673 2655 710 2708 Et
728 2651 855 2728 inspira,
883 2648 1009 2708 Domine

255 2760 351 2814 meus,
373 2746 451 2800 Deus
469 2743 581 2824 meus”,
601 2741 710 2820 inspira
728 2741 818 2800 servis
836 2739 892 2798 tuis
911 2737 1007 2810 fratri-

256 2830 311 2889 bus
330 2832 417 2908 meis„
432 2831 503 2913 'filiis
522 2825 578 2890 iuis
598 2831 721 2890 dominis
740 2829 824 2900 meis,
851 2826 957 2908 quibus
978 2839 1016 2885 et

257 2938 329 2977 voce
350 2933 378 2978 et
398 2921 485 2979 corde
505 2934 533 2982 et
552 2921 654 2979 litteris
672 2919 788 2991 servio,
812 2929 845 2976 ut
864 2927 1008 2996 quotquot

257 3011 319 3068 haec
331 3008 468 3089 legerint,‘
479 3003 669 3091 meminerint·
678 3010 715 3070 ad
728 3010 817 3070 altare
836 3024 917 3072 tuum
929 3014 1009 3068 Mon·

296 3208 304 3234 ¹
316 3198 405 3251 Coloss.
417 3215 448 3258 n,
466 3169 549 3248 tte-'2v
564 3172 720 3280 iangvm,
733 3202 772 3248 15.
