2356 4018
323 433 576 490 ootrbsstortum
594 433 689 484 amm
707 431 762 484 vn.
873 436 920 484 187

143 541 239 613 istis,
262 551 292 598 te
308 557 381 598 vero
399 535 537 610 inferior3
557 547 587 592 et
605 546 638 592 tu
659 531 799 612 gaudium
819 551 922 594 verum

145 630 234 690 mibi
253 628 373 690 subdito
391 626 460 700 tibi,
482 639 513 686 et
531 639 564 685 tu
579 625 654 684 mihi
671 622 838 702 subjeceras
856 645 922 704 quse

145 723 238 780 infre
252 737 300 780 me
312 719 425 780 creasti,
445 722 483 776 Et
497 718 553 778 boe
570 728 634 776 eret
646 727 761 775 reemm
774 729 921 796 tempera-

148 823 309 882 mentum,
329 821 360 868 et
374 808 470 867 media
485 807 567 886 regio
587 806 689 867 salutis
700 823 790 880 men,
812 819 846 867 nt
858 826 919 868 mn-

150 921 263 960 nerem
294 900 332 959 ad
353 900 508 976 imaginem
534 910 633 970 tuam,
662 909 692 954 et
716 895 770 956 tibi
793 899 922 958 servIeus

152 985 330 1050 dominarer
350 985 476 1067 corpori.
507 987 652 1048 Sericum
674 987 800 1067 superbe
821 1003 921 1048 contra

154 1092 376 1158 resurgerem,
400 1073 591 1138 et'currerem
612 1076 750 1137 adversus
763 1080 921 1138 Dominum

153 1171 190 1228 in
216 1169 331 1229 cervice
352 1188 447 1228 crassa
468 1168 545 1226 scuti
569 1167 627 1228 mei
639 1177 660 1242 ¹,
687 1168 773 1226 etiam
798 1168 852 1229 ista
874 1171 921 1228 in-

155 1259 231 1317 fima
249 1279 338 1337 supra
358 1279 405 1317 me
424 1258 502 1317 sacta
521 1270 604 1332 sunt,
629 1271 658 1317 et
678 1257 868 1336 premebant,
891 1274 920 1317 et

153 1369 305 1433 uusqmm
321 1363 384 1413 eret
404 1351 601 1418 laxamentum
624 1362 653 1407 et
666 1350 917 1428 respiramentum.

156 1444 230 1521 lpse
249 1439 444 1506 recurrebant
465 1441 596 1518 undique
617 1435 775 1500 obervatim
798 1453 827 1498 et
848 1461 920 1501 eon-

157 1529 302 1609 gIobatim
324 1531 473 1602 cementi5
501 1530 640 1608 cogitanti
661 1543 759 1594 autem
780 1529 920 1609 imagines

157 1635 332 1697 corporum,
349 1619 419 1697 ipsae
433 1617 659 1698 opponebantur
672 1617 818 1688 redeunti,
835 1623 918 1696 quasi

158 1708 329 1772 diceretur:
343 1715 409 1786 Quo
423 1710 461 1783 is,
474 1710 593 1788 indigne
607 1721 636 1768 et
648 1708 785 1768 sordide?
805 1713 841 1765 Et
856 1710 918 1768 haec

158 1801 198 1860 de
225 1803 347 1862 vulnere
372 1807 439 1860 meo
462 1813 632 1872 creverant,
664 1800 734 1876 quia
761 1799 920 1858 humiliasti

159 1905 298 1970 tanquam
310 1895 510 1964 vulneratum,
531 1889 691 1970 superbum
705 1899 735 1962 ²3
756 1902 788 1949 et
804 1902 917 1948 tumore

158 2001 226 2042 meo
245 1981 403 2062 separabar
421 1981 472 2041 abs
492 1994 535 2052 te,
558 1993 588 2040 et
610 1977 695 2044 nimis
710 1980 811 2040 inflata
830 1980 916 2038 facies

159 2065 316 2144 claudebot
332 2073 433 2140 oculos
451 2089 539 2130 meos.

412 2243 546 2306 CAPUT
566 2241 658 2308 VIII.

175 2390 301 2453 Quomodo
317 2389 400 2442 ditior
417 2387 581 2441 misericordia
596 2387 736 2442 subvenerit
754 2391 896 2458 Augustius.

203 2533 246 2592 12.
263 2535 307 2593 Tu
325 2551 412 2606 vero,
431 2534 572 2606 Domine,
597 2533 629 2592 in
648 2546 787 2593 aeternum
806 2555 914 2607 manes,

163 2635 190 2682 et
210 2644 268 2683 non
290 2625 321 2684 in
342 2638 482 2686 aeteruum
501 2625 634 2683 irasceris
654 2623 739 2683 nobis
754 2646 761 2680 ι
775 2627 913 2700 quoniam

163 2715 310 2775 miseratus
327 2735 359 2790 es
380 2728 487 2774 terram
505 2727 535 2774 et
553 2715 694 2787 cinerem,
709 2725 738 2772 et
754 2714 865 2791 placuit
881 2717 913 2774 in

162 2819 316 2884 eonspertu
329 2819 380 2865 tuo
395 2807 553 2865 reformare
564 2803 708 2864 deformia
721 2824 804 2877 mea;
822 2808 912 2865 etsti-

163 2896 243 2954 mulis
257 2897 379 2957 interme
389 2895 517 2976 agitabas
527 2915 588 2969 me,
603 2908 637 2956 ut
648 2895 799 2975 Impatiens
811 2916 911 2968 essem,

163 2986 250 3046 donec
274 2987 346 3046 mibi
371 3007 426 3066 per
450 2989 618 3048 interiorem
639 3001 789 3068 aspectum
816 3001 911 3048 certus

197 3152 262 3204 ¹Job
275 3169 318 3214 xv,
334 3159 375 3204 26.
386 3181 420 3192 -—
433 3164 443 3190 ²
455 3155 518 3206 Psal.
531 3159 703 3215 nmmum.

760 3245 803 3292 lo*
