2326 4020
236 464 267 510 78
420 462 444 508 S.
463 460 643 508 AUGUSTINI
661 461 804 510 EPISCOPI

442 601 443 606 ‘
507 581 640 700 eruor
661 631 718 690 m.

358 786 468 834 Planctus
483 794 507 832 et
524 785 643 834 somnium
660 786 742 836 matris
762 786 791 835 de
810 785 867 835 silio.

279 938 322 992 19.
341 941 377 993 Et
396 936 497 995 misisti
517 955 635 994 manum
653 949 731 994 tuam
752 958 790 994 ex
808 939 883 1009 alto,
900 951 934 995 et
955 926 1001 996 de*

150 1073 152 1086 t
235 1029 290 1085 hac
306 1027 452 1104 profunda
471 1025 592 1104 caligine
610 1027 711 1085 eruisti
728 1027 852 1086 animam
869 1049 963 1088 meam
973 1040 993 1100 ¹,

237 1139 302 1177 eum
317 1139 371 1196 pro
386 1139 431 1176 me
446 1119 579 1178 fleretad
595 1131 622 1176 te
638 1131 729 1176 mater
744 1139 808 1177 mea
821 1119 915 1177 fidelis
929 1133 995 1191 tua,

236 1211 360 1287 amplius
384 1229 471 1286 quam
495 1210 565 1267 flent
587 1221 694 1268 matres
719 1230 862 1287 corporea
882 1211 993 1267 funera.

236 1299 360 1358 Videbat
374 1299 449 1358 enim
462 1300 512 1357 itta
524 1301 648 1358 mortem
662 1319 756 1357 meam
771 1319 807 1356 ex
819 1299 876 1356 fide
891 1311 920 1356 et
933 1300 994 1376 spi-

236 1390 309 1460 ritu,
330 1409 417 1467 quem
438 1388 568 1448 habebat
588 1409 623 1447 ex
645 1402 673 1446 te
681 1410 689 1459 ;
710 1402 739 1446 et
754 1387 898 1447 exaudisti
915 1409 992 1461 eam,

237 1479 370 1536 Domine.
386 1478 538 1536 Exaudisti
558 1498 636 1550 eam,
651 1497 706 1535 nec
722 1478 879 1556 despexisti
894 1479 992 1555 lacry-

238 1589 297 1626 mas
311 1569 387 1644 ejus,
403 1588 470 1626 cnm
484 1568 661 1645 profluentes
676 1569 805 1645 rigarent
820 1581 924 1626 terram
939 1567 994 1626 sub

238 1657 329 1715 oculis
346 1657 422 1734 ejus,
438 1657 468 1713 iu
484 1657 563 1716 omni
579 1658 644 1724 loco
660 1658 798 1715 orationis
811 1655 891 1734 ejus3
905 1677 995 1715 exau-

239 1747 306 1804 disti
320 1767 393 1805 eam.
412 1751 485 1804 Nam
498 1747 577 1804 unde
589 1746 663 1804 illud
680 1748 838 1818 somnium,
855 1767 914 1824 quo
930 1767 993 1805 eam

239 1838 401 1896 consolatus
416 1857 460 1909 es,
477 1849 510 1894 ut
524 1838 624 1894 vivere
638 1856 684 1893 me
699 1836 892 1894 concederet*
904 1849 934 1893 et
943 1834 994 1892 ha-

238 1927 309 1987 bere
329 1949 427 1988 secum
446 1928 578 1988 eamdem
594 1947 723 1986 mensam
742 1929 772 1984 in
791 1928 893 1998 domo;
913 1928 993 2004 quod

238 2022 315 2079 nolle
332 2011 473 2098 coeperat,
494 2039 628 2078 aversans
644 2031 674 2076 et
692 2019 836 2078 detestans
856 2013 998 2095 blasphess

239 2109 310 2166 mias
336 2109 442 2168 erroris
465 2109 544 2166 mei?
565 2108 644 2168 Vidit
667 2109 744 2168 enim
768 2122 890 2168 stantem
911 2129 941 2168 se
964 2109 995 2165 in

239 2201 365 2276 quadam
385 2201 486 2278 regula
507 2201 618 2277 lignea,
640 2213 669 2258 et
688 2201 890 2260 advenientem
911 2200 946 2258 ad
964 2219 994 2256 se

235 2290 373 2367 juvenem
394 2290 592 2369 splendidum,
612 2291 735 2350 hilarem
752 2306 838 2369 atque
860 2291 994 2348 arriden-

239 2392 296 2437 tem
321 2379 393 2452 sihi,
416 2401 482 2438 cum
506 2381 556 2438 illa
579 2393 653 2438 esset
675 2401 799 2440 moerens
822 2394 850 2439 et
871 2400 995 2439 moerore

239 2469 371 2528 confecta
383 2492 390 2527 :
403 2472 454 2548 qui
468 2491 534 2528 cum
547 2491 648 2529 causas
663 2469 809 2548 quaesisset
823 2471 860 2529 ab
875 2493 908 2529 ea
922 2492 997 2528 moe-

238 2559 322 2618 stitiae
337 2581 395 2618 suae
410 2562 703 2640 quotidianarumque
717 2565 910 2640 lacrymarum
918 2606 927 2634 ‚
942 2563 997 2619 do-

239 2649 338 2722 cendi,
360 2663 393 2708 ut
411 2652 531 2724 assolet,
549 2672 608 2710 non
630 2651 760 2710 discendi
780 2653 885 2730 gratia,
907 2665 995 2727 atque

237 2738 287 2796 illa
310 2741 506 2817 respondisset
527 2741 719 2818 perditionem
743 2761 837 2798 meam
858 2761 887 2798 se
908 2740 995 2816 plan-

238 2847 322 2904 gere3
341 2829 459 2906 jussisse
482 2831 565 2889 illum
587 2851 646 2908 quo
669 2852 771 2890 secura
795 2842 883 2902 esset,
907 2842 996 2906 atque

240 2917 422 2976 admonuisse
437 2932 470 2977 ut
483 2921 646 2978 attenderet
663 2934 693 2978 et
711 2921 837 2993 videret,
855 2918 908 2977 ubi
923 2931 999 2977 esset

237 3007 301 3078 illa,
311 3006 354 3065 ibi
365 3027 427 3068 esse
440 3022 468 3067 et
480 3031 534 3070 me.
550 3011 636 3085 Quod
647 3011 697 3069 illa
708 3011 759 3070 ubi
775 3010 911 3082 attendit,
926 3010 1000 3068 vidit

275 3185 283 3208 ¹
297 3155 357 3225 Psal.
371 3183 501 3238 cxn111‚7.
