2394 4010
262 415 313 464 298
443 415 467 460 S.
487 411 667 464 AUGUSTINI
685 411 828 460 EPISCOPI

260 511 312 582 ubi
332 529 470 588 agnosco,
485 512 540 587 nisi
562 513 592 568 in
613 511 676 588 ipsa
701 509 857 568 memorie?
887 512 962 566 Num
987 522 1016 566 et

260 602 387 678 ipseper
403 601 555 678 imaginem
570 620 652 660 suam
667 597 723 658 sibi
734 599 827 670 adest,
843 617 876 656 ae
892 619 950 656 non
962 617 1017 674 per

260 691 404 768 seipsam?

514 829 648 892 CAPUT
669 829 756 892 XVI.

370 1059 372 1062 Ι
443 997 474 1042 Et
495 991 624 1043 oblivionis
642 990 758 1041 memorie
776 999 820 1040 est.

302 1151 349 1210 24.
374 1139 466 1228 Quid,
487 1172 553 1210 cum
575 1151 752 1210 oblivionem
773 1150 908 1223 nomino,
929 1163 1014 1227 atque

263 1242 363 1300 itidem
382 1261 506 1320 agnosco
526 1241 606 1318 quod
629 1240 764 1298 nomino?
780 1239 858 1297 unde
875 1258 1014 1317 agnosce-

262 1351 322 1405 rem
347 1332 400 1390 nisi
426 1332 641 1392 meminissem?
664 1335 729 1388 Non
753 1329 889 1407 eurpdem
912 1349 1014 1389 sonum

262 1425 385 1482 nominis
403 1413 485 1500 dico,
504 1423 555 1483 sed
569 1441 631 1480 rem
645 1440 733 1498 quam
752 1421 908 1498 significan
927 1439 1015 1497 quam

262 1514 286 1570 si
297 1511 404 1574 oblitus
418 1533 524 1585 essem3
537 1513 610 1590 quid
620 1512 669 1570 ille
682 1513 794 1570 valeret
809 1530 911 1580 sonus,-
926 1529 1015 1586 agno-

262 1619 342 1663 scere
365 1602 466 1680 utique
486 1620 545 1659 uon
567 1601 703 1659 valerem.
719 1603 795 1678 Ergo
818 1619 885 1658 cum
904 1617 1016 1656 memo-

262 1693 334 1750 riam
350 1693 484 1763 memini,
498 1711 552 1769 per
566 1691 690 1769 seipsam
707 1690 765 1749 sihi
778 1701 884 1767 praesto
898 1701 942 1748 est
953 1689 1015 1766 ipsa

261 1773 426 1842 memoria:
449 1801 516 1840 cum
538 1801 609 1850 vero
632 1781 751 1840 memini
774 1779 950 1839 oblivionem
957 1823 966 1851 ‚
987 1792 1018 1864 et

261 1872 401 1932 mernorin
420 1879 585 1948 ptraestoest
606 1884 634 1930 et
652 1871 780 1942 oblivi0;
798 1871 938 1928 memoria
958 1889 1016 1947 qua

261 1961 457 2030 meminerim,
490 1961 602 2020 oblivio
623 1980 714 2040 quam·
736 1960 927 2026 meminerim.
959 1962 1016 2020 Sed

260 2049 333 2125 quid
350 2061 394 2108 est
411 2048 536 2120 oblivio,
552 2048 608 2106 nisi
622 2049 750 2126 privatio
765 2049 928 2108 memoriae?
939 2054 1016 2124 Quo-

262 2138 350 2196 modo
368 2157 437 2216 ergo
455 2137 536 2196 adest
553 2152 587 2196 ut
598 2157 668 2198 eam
685 2139 881 2211 meminerim,
899 2139 1014 2216 quando

262 2245 327 2286 oum
341 2227 423 2286 adest
436 2228 602 2285 meminisse
617 2246 676 2285 non
689 2230 826 2306 possum?
839 2232 877 2285 At
894 2229 918 2287 si
937 2229 1015 2304 quod

261 2317 443 2375 meminimus
450 2317 590 2375 memoria
599 2319 768 2390 retinemus;
778 2317 954 2376 oblivionem
966 2338 1016 2376 au·

260 2419 317 2464 tem
335 2407 390 2464 nisi
404 2405 647 2481 meminissemus,
666 2427 850 2486 nequaqnam
866 2427 1015 2485 possemus

260 2494 360 2552 audito
380 2495 436 2554 isto
458 2497 590 2570 nomine,
608 2517 672 2556 rem
689 2498 754 2575 qnae
772 2498 823 2555 illo
839 2497 1015 2575 significatur

259 2602 431 2662 agnoscere3
454 2589 594 2647 memoria
617 2589 758 2648 retinetur
782 2586 903 2646 oblivio.
924 2587 1014 2645 Adest
1098 2607 1102 2616 ’

259 2691 329 2752 ergo
349 2695 386 2734 ne
404 2675 627 2748 obliviscamur,
642 2697 707 2754 ques
723 2696 790 2735 cum
808 2675 890 2734 adest
905 2675 1014 2734 oblivis

259 2764 377 2824 scimur.
391 2771 436 2824 An
450 2787 486 2825 ex
498 2767 555 2825 hoc
569 2767 740 2844 intelligitur
753 2786 812 2824 non
824 2783 878 2844 per
891 2767 1015 2844 seipsam

259 2855 352 2914 inesse
365 2859 512 2916 memoriae
525 2877 591 2916 cum
606 2877 669 2916 eam
685 2857 886 2928 meminimus,
899 2857 952 2916 sed
961 2847 1016 2934 per

258 2942 412 3020 imaginem
425 2947 602 3024 sumulquia
614 2947 638 3005 si
648 2964 703 3024 per
713 2946 836 3024 seipsam
848 2957 955 3023 presto
969 2965 1015 3004 es-

258 3043 301 3090 set
317 3033 444 3105 oblivio,
455 3055 514 3093 non
526 3049 559 3094 ut
572 3035 814 3110 meminissemus,
825 3036 876 3095 ed
893 3047 927 3094 ut
937 3035 1014 3093 ohli-

257 3123 435 3184 visceremur
455 3127 593 3198 efficeret.
614 3131 651 3188 Et
670 3127 727 3186 hoc
743 3127 809 3206 quis
833 3127 950 3186 tandem
968 3126 1014 3182 in-
