2394 4010
261 469 313 516 292
444 465 468 514 S.
488 460 669 512 AUGUSTINI
685 461 830 512 Erlscom

261 584 308 623 eas
321 562 526 622 nuntiavimus.
538 565 631 620 Aures
645 561 746 620 dicunt
755 582 762 618 ε
771 561 804 619 Si.
814 575 1016 636 sonuerunt,a

239 721 243 730 ι
259 653 344 711 nobis
355 652 488 710 indicatae
502 663 577 709 sunt.
591 655 682 708 Nares
698 650 815 707 dicunt:
829 650 856 706 Si
869 650 1016 725 oluerunt,

260 762 314 821 per
324 762 376 800 nos
387 743 569 808 transierunt.
578 740 656 797 Dicit
663 741 749 798 etiam
760 758 859 796 sensus
866 739 1015 816 gustandi:

262 835 292 891 si
302 853 389 912 sapor
398 852 456 889 non
470 844 526 903 est,
537 829 609 887 nihil
619 849 665 888 me
674 830 842 905 interroges.
853 833 957 887 Tactus
968 829 1016 888 di-

262 923 323 980 cit:
339 924 368 982 si
381 923 582 1000 corpulentum
600 917 660 977 nori
677 933 732 990 est,
747 938 806 975 non
822 919 1017 993 contrectavi3

261 1014 355 1072 sinon
373 1012 566 1082 contrectavi,
579 1030 636 1068 non
656 1009 790 1068 indicavi.
805 1007 891 1067 Unde
910 1020 939 1066 et
958 1028 1017 1085 qua

261 1103 324 1162 baec
338 1103 518 1161 intraverunt
539 1102 570 1162 in
596 1099 765 1158 memoriam
784 1099 897 1155 meam?
911 1099 1016 1157 Nescio

263 1192 410 1268 quomodo
417 1215 425 1263 ;
434 1212 500 1250 nam
513 1209 578 1252 cum
587 1209 620 1246 ea
628 1187 719 1246 didici
729 1207 787 1246 non
800 1186 911 1245 credidi
923 1188 1016 1246 alieno

262 1281 361 1350 cordi,
378 1280 471 1339 sedin
484 1297 549 1338 meo
571 1277 743 1353 recognovi,
758 1287 786 1332 et
802 1295 871 1333 vera
886 1293 947 1334 csse
961 1297 1015 1354 ap·
1079 1356 1081 1363 Ι

261 1369 399 1447 probavi,
415 1382 442 1429 et
455 1367 655 1429 commendavi
668 1368 709 1437 ei,
721 1379 859 1444 tanquam
873 1386 1016 1445 reponens

261 1458 339 1516 unde
354 1459 515 1538 proferrem
534 1477 600 1514 cum
616 1457 729 1514 vellem.
745 1455 791 1514 Ibi
806 1475 875 1532 ergo
890 1468 971 1514 erant
988 1468 1016 1515 et

262 1559 414 1623 antequam
433 1567 467 1605 ea
484 1545 662 1618 didicissem,
683 1545 734 1604 sod
755 1546 785 1602 in
802 1547 941 1604 memoria
956 1565 1016 1604 non

262 1647 350 1693 erant
375 1637 433 1695 Ubi
455 1655 539 1712 ergo,
556 1633 615 1693 'aut
637 1654 728 1713 quare
753 1655 819 1692 cum
850 1635 1016 1695 dicerentur

263 1727 383 1801 agnovi,
398 1721 426 1783 et
445 1724 506 1783 dixi
522 1745 529 1780 ε
550 1727 594 1780 Ita
608 1735 664 1795 est,
680 1743 782 1780 verum
802 1736 856 1795 est3
878 1725 933 1783 nisi
947 1727 1016 1803 quia

258 1813 320 1892 jam
339 1827 421 1872 erant
440 1816 470 1872 in
487 1815 638 1886 memoria,
659 1809 710 1871 sed
722 1826 780 1871 tam
799 1827 910 1872 remota
923 1828 952 1873 et
967 1836 1016 1874 re-

263 1917 342 1962 trusa
360 1905 441 1981 quasi
456 1906 486 1961 in
506 1905 600 1976 caveis
616 1902 823 1976 abditioribus,
843 1917 875 1962 ut
890 1905 944 1963 nisi
962 1906 1016 1964 ad·

262 2008 395 2053 monente
415 1996 513 2071 aliquo
536 2007 721 2068 eruerentur,
740 2015 775 2054 ea
793 1996 913 2054 fortasse
933 1999 1013 2075 cogi—

263 2095 324 2140 tare
344 2104 401 2141 non
423 2086 560 2161 possem?

518 2238 663 2335 'curor
682 2275 738 2348 xi.

528 2447 594 2510 Qua
607 2445 750 2497 seducere.

307 2615 351 2680 18.
369 2616 511 2691 Quocirca
526 2617 688 2674 invenimus
703 2616 774 2676 nihil
789 2635 850 2676 esse
870 2619 948 2677 aliud
968 2620 1014 2677 di-

262 2726 344 2771 scere
364 2708 431 2778 ista,
453 2727 577 2784 quorum
599 2727 657 2763 non
675 2727 728 2785 per
751 2726 849 2766 sensus
865 2709 1014 2774 haurimus

264 2797 415 2872 imagines,
432 2797 483 2855 sed
503 2798 563 2856 sinc
582 2796 754 2873 imaginibus
775 2797 860 2856 sicuti
878 2811 945 2856 sunt
961 2820 1015 2878 per

265 2886 359 2962 seipsa
367 2886 443 2944 intus
457 2888 613 2958 cernimus;
625 2887 680 2944 nisi
692 2906 726 2945 ea
736 2905 801 2963 quae
811 2889 917 2964 passim
928 2902 1015 2967 atque

265 2972 434 3050 indisposite
466 2977 604 3056 memoria
638 2974 825 3048 continebat,
860 2979 1014 3054 cogitando

264 3061 349 3138 quasi
363 3064 510 3138 colligere,
524 3075 610 3140 atque
623 3063 879 3124 animadvertendo
894 3087 1014 3138 curare,

266 3164 299 3222 ut
318 3164 453 3230 tanquam
475 3151 512 3211 ad
529 3171 644 3218 manum
663 3155 757 3231 posita
779 3156 809 3212 in
826 3157 889 3232 ipsa
904 3175 1014 3214 memor
