2326 4020
260 447 294 490 60
446 443 471 489 S.
489 440 669 489 AUGUSTINI
687 439 828 486 EPISCOPI
846 431 850 456 ³

260 556 337 602 tactu
351 532 540 601 sensibilium.
554 539 609 599 Sed
622 541 646 598 si
659 559 717 597 non
728 537 872 618 haberent
884 541 1023 616 animam,

259 656 317 693 non
337 634 438 710 utique
456 629 632 690 amarentur.
654 636 760 688 Amare
778 643 807 687 et
825 631 916 688 amari
931 632 1020 692 dulce

259 725 330 783 mihi
344 737 418 795 crat,
430 722 526 800 *magis
539 722 563 780 si
578 735 606 780 et
620 721 741 778 amantis
751 739 878 797 corpore
893 720 1016 780 fruerer.

193 810 195 816 ¹
258 820 367 874 Venam
384 815 473 892 igitur
489 813 621 871 amicitiae
638 811 863 888 coinquinabam
879 810 1017 872 sordibus

259 903 519 984 concupiscentiae5
544 903 758 980 candoremque
778 901 841 978 ejus
860 900 1018 962 obnubila-

259 994 326 1052 bam
344 995 380 1053 de
395 1005 503 1051 tartaro
520 991 647 1050 libidtnrs
680 1035 688 1064 ,
704 1005 734 1048 et
750 1004 845 1048 tamen
860 992 954 1054 foedus
969 1007 1018 1051 at-

260 1103 317 1161 que
330 1083 511 1154 inhonestus,
530 1082 643 1160 elegans
659 1093 689 1138 et
700 1080 829 1139 urbanus
840 1100 901 1139 esse
914 1083 1019 1159 gestie-

260 1173 328 1232 bam
343 1173 504 1232 abundanti
517 1173 651 1230 vanitate.
670 1172 728 1230 Rui
745 1173 831 1230 etiam
845 1173 875 1229 in
888 1192 1018 1232 amorem

184 1269 190 1276 “
260 1285 320 1342 quo
346 1263 500 1343 cupiebam
525 1263 599 1341 capi.
627 1267 706 1321 Deus
733 1282 829 1334 meus,
851 1263 1017 1345 misericorf

261 1353 309 1411 dia
325 1373 403 1425 mea,
427 1365 540 1432 quanto.
557 1352 624 1410 felle
644 1351 715 1410 mihi
738 1351 910 1410 suavitatem
928 1352 1019 1424 illam,

262 1454 291 1499 et
302 1461 390 1519 quarn
403 1441 499 1500 bonus
513 1441 676 1518 aspersisti!
695 1441 765 1517 quia
779 1454 807 1498 et
821 1453 932 1499 amatus
943 1462 1019 1514 sum,

262 1544 292 1588 et
314 1532 435 1608 perveni
460 1531 574 1589 occulte
596 1531 634 1588 ad
656 1531 806 1588 vinculum
829 1530 962 1610 fruendi,
990 1545 1021 1590 et

262 1621 420 1701 colligabar
433 1623 517 1680 laetus
537 1622 705 1680 aerumnosis
718 1620 857 1693 nexibus,
877 1635 910 1680 ut
924 1622 1020 1681 caede-

262 1733 310 1770 rer
325 1713 415 1791 virgis
432 1713 534 1771 ferreis
549 1709 719 1770 ardentibus
736 1712 811 1784 zeli²
829 1725 858 1770 et
875 1713 1020 1789 suspicio-

261 1823 349 1875 num,
367 1814 396 1861 et
410 1803 565 1884 timorum,
579 1813 608 1859 et
629 1801 755 1886 irarum,
774 1813 861 1879 atque
875 1801 1017 1862 rixarum.

539 1926 672 2017 cinnr'
692 1934 735 2016 11.

455 2088 554 2160 Amavit
573 2110 708 2176 spectacula
727 2108 822 2176 tragica.
912 2085 919 2118 Ἰ

304 2250 331 2306 2.
345 2247 509 2324 Rapiebant
524 2269 570 2306 me
583 2252 748 2327 spectacula
762 2249 916 2320 theatrica,
933 2253 1019 2328 plena

263 2332 436 2416 imaginibus
456 2338 637 2398 miseriarum
655 2334 804 2412 mearum,
823 2352 853 2398 et
870 2338 1020 2398 fomitibus

262 2427 336 2505 ignis
358 2427 431 2574 Ὦ
450 2427 526 2502 Quid
545 2441 590 2487 est
608 2429 689 2506 quod
708 2429 750 2488 ibi
771 2429 859 2488 homo
880 2431 944 2490 vult
964 2429 1018 2486 do-

263 2518 323 2576 lere
332 2509 374 2588 ‚c
440 2529 551 2596 spectat
564 2519 696 2578 luctuosa
713 2532 801 2597 atque
813 2520 938 2599 tragica,
957 2538 1020 2596 quae

263 2620 359 2664 tamen
368 2607 434 2683 pati
450 2607 512 2686 ipse
528 2610 642 2666 nollet?
662 2613 699 2668 Et
715 2622 812 2668 tamen
828 2605 890 2688 pati
906 2610 970 2668 vult
983 2604 1021 2667 eir

262 2699 303 2756 eis
317 2698 450 2757 dolorem
463 2712 624 2776 spectator,
645 2713 675 2758 et
690 2700 774 2758 dolor
792 2702 854 2778 ipse
873 2714 916 2760 est
931 2701 1020 2758 volu-

262 2801 327 2864 ptas
341 2790 413 2866 ejus.
435 2790 513 2863 Quid
529 2803 586 2864 est,
605 2791 660 2849 nisi
677 2790 848 2851 miserabilis
866 2791 1021 2850 insania*?

262 2882 335 2934 Nam
350 2897 385 2936 eo
397 2873 487 2954 mag-is
501 2881 542 2938 eis
556 2894 690 2942 movetur
700 2882 836 2959 quisque,
852 2901 912 2958 quo
926 2882 1021 2940 minus

264 2961 399 3025 atalibus
418 2967 572 3028 affectibus
589 2989 674 3030 sanus
690 2983 753 3029 est:
769 2991 936 3049 quanquam
955 2991 1022 3030 oum

262 3055 333 3134 ipse,
350 3057 476 3136 patitur,
498 3060 632 3133 miseria3
664 3057 730 3121 cum
751 3063 814 3121 aliis
834 3062 1022 3140 compatitur,

265 3147 470 3230 misericordia]
496 3149 554 3208 dici
576 3139 664 3210 solet.
694 3147 751 3211 Sed
782 3151 877 3229 qualis
903 3151 1021 3210 tandem
