<?xml version="1.0" encoding="UTF-8"?>
<!DOCTYPE html PUBLIC "-//W3C//DTD XHTML 1.0 Transitional//EN"
    "http://www.w3.org/TR/xhtml1/DTD/xhtml1-transitional.dtd">
<html xmlns="http://www.w3.org/1999/xhtml" xml:lang="en" lang="en">
 <head>
  <title>
</title>
<meta http-equiv="Content-Type" content="text/html;charset=utf-8" />
  <meta name='ocr-system' content='tesseract 3.04.00' />
  <meta name='ocr-capabilities' content='ocr_page ocr_carea ocr_par ocr_line ocrx_word'/>
</head>
<body>
  <div class='ocr_page' id='page_1' title='image "./confessionumlib00maugoog_0385.png"; bbox 0 0 2352 4094; ppageno 0'>
   <div class='ocr_carea' id='block_1_1' title="bbox 319 536 917 618">
    <p class='ocr_par' dir='ltr' id='par_1_1' title="bbox 319 536 917 618">
     <span class='ocr_line' id='line_1_1' title="bbox 319 536 917 618; baseline 0 -10"><span class='ocrx_word' id='word_1_1' title='bbox 319 557 571 608; x_wconf 76' lang='lat' dir='ltr'><strong>coummrouuu</strong></span> <span class='ocrx_word' id='word_1_2' title='bbox 589 536 684 618; x_wconf 77' lang='lat' dir='ltr'><strong>naua</strong></span> <span class='ocrx_word' id='word_1_3' title='bbox 697 558 758 606; x_wconf 49' lang='lat' dir='ltr'><strong>¹nn.</strong></span> <span class='ocrx_word' id='word_1_4' title='bbox 867 555 917 610; x_wconf 79' lang='lat' dir='ltr'><strong>aar</strong></span> 
     </span>
    </p>
   </div>
   <div class='ocr_carea' id='block_1_2' title="bbox 156 654 995 3086">
    <p class='ocr_par' dir='ltr' id='par_1_2' title="bbox 156 654 1005 3086">
     <span class='ocr_line' id='line_1_2' title="bbox 159 654 926 736; baseline -0.001 -17"><span class='ocrx_word' id='word_1_5' title='bbox 159 655 214 719; x_wconf 84' lang='lat' dir='ltr'><strong>tibi</strong></span> <span class='ocrx_word' id='word_1_6' title='bbox 227 677 279 718; x_wconf 92' lang='lat' dir='ltr'><strong>ore</strong></span> <span class='ocrx_word' id='word_1_7' title='bbox 298 677 365 717; x_wconf 89' lang='lat' dir='ltr'><strong>meo</strong></span> <span class='ocrx_word' id='word_1_8' title='bbox 381 671 411 716; x_wconf 87' lang='lat' dir='ltr'><strong>et</strong></span> <span class='ocrx_word' id='word_1_9' title='bbox 426 659 538 718; x_wconf 91' lang='lat' dir='ltr'><strong>calamo</strong></span> <span class='ocrx_word' id='word_1_10' title='bbox 558 679 634 730; x_wconf 87' lang='lat' dir='ltr'><strong>maa,</strong></span> <span class='ocrx_word' id='word_1_11' title='bbox 650 657 794 736; x_wconf 88' lang='lat' dir='ltr'><strong>quidquid</strong></span> <span class='ocrx_word' id='word_1_12' title='bbox 814 654 926 719; x_wconf 63' lang='lat' dir='ltr'><strong>de&#39;ist&#39;a‘</strong></span> 
     </span>
     <span class='ocr_line' id='line_1_3' title="bbox 161 746 919 826; baseline 0 -18"><span class='ocrx_word' id='word_1_13' title='bbox 161 749 283 809; x_wconf 89' lang='lat' dir='ltr'><strong>materia</strong></span> <span class='ocrx_word' id='word_1_14' title='bbox 304 747 430 808; x_wconf 87' lang='lat' dir='ltr'><strong>docuisti</strong></span> <span class='ocrx_word' id='word_1_15' title='bbox 448 756 510 821; x_wconf 90' lang='lat' dir='ltr'><strong>me,</strong></span> <span class='ocrx_word' id='word_1_16' title='bbox 534 746 616 826; x_wconf 84' lang='lat' dir='ltr'><strong>cujus</strong></span> <span class='ocrx_word' id='word_1_17' title='bbox 635 761 717 807; x_wconf 89' lang='lat' dir='ltr'><strong>antea</strong></span> <span class='ocrx_word' id='word_1_18' title='bbox 736 767 842 808; x_wconf 89' lang='lat' dir='ltr'><strong>nomen</strong></span> <span class='ocrx_word' id='word_1_19' title='bbox 863 769 919 808; x_wconf 91' lang='lat' dir='ltr'><strong>au-</strong></span> 
     </span>
     <span class='ocr_line' id='line_1_4' title="bbox 163 837 920 917; baseline -0.001 -18"><span class='ocrx_word' id='word_1_20' title='bbox 163 839 244 899; x_wconf 89' lang='lat' dir='ltr'><strong>diens</strong></span> <span class='ocrx_word' id='word_1_21' title='bbox 265 851 294 897; x_wconf 89' lang='lat' dir='ltr'><strong>et</strong></span> <span class='ocrx_word' id='word_1_22' title='bbox 309 859 369 898; x_wconf 91' lang='lat' dir='ltr'><strong>non</strong></span> <span class='ocrx_word' id='word_1_23' title='bbox 381 838 565 917; x_wconf 87' lang='lat' dir='ltr'><strong>intelligens,</strong></span> <span class='ocrx_word' id='word_1_24' title='bbox 579 837 764 898; x_wconf 89' lang='lat' dir='ltr'><strong>narrantibus</strong></span> <span class='ocrx_word' id='word_1_25' title='bbox 786 839 857 898; x_wconf 90' lang='lat' dir='ltr'><strong>mihi</strong></span> <span class='ocrx_word' id='word_1_26' title='bbox 879 842 920 898; x_wconf 88' lang='lat' dir='ltr'><strong>eis</strong></span> 
     </span>
     <span class='ocr_line' id='line_1_5' title="bbox 163 927 920 1008; baseline -0.003 -20"><span class='ocrx_word' id='word_1_27' title='bbox 163 931 215 1008; x_wconf 90' lang='lat' dir='ltr'><strong>qui</strong></span> <span class='ocrx_word' id='word_1_28' title='bbox 236 949 294 988; x_wconf 91' lang='lat' dir='ltr'><strong>non</strong></span> <span class='ocrx_word' id='word_1_29' title='bbox 313 929 524 1006; x_wconf 83' lang='lat' dir='ltr'><strong>intelligerent,</strong></span> <span class='ocrx_word' id='word_1_30' title='bbox 541 949 605 990; x_wconf 87' lang='lat' dir='ltr'><strong>eam</strong></span> <span class='ocrx_word' id='word_1_31' title='bbox 622 949 691 988; x_wconf 91' lang='lat' dir='ltr'><strong>cum</strong></span> <span class='ocrx_word' id='word_1_32' title='bbox 705 929 859 1008; x_wconf 80' lang='lat' dir='ltr'><strong>speciebus</strong></span> <span class='ocrx_word' id='word_1_33' title='bbox 870 927 920 986; x_wconf 69' lang='lat' dir='ltr'><strong>&#39;in—</strong></span> 
     </span>
     <span class='ocr_line' id='line_1_6' title="bbox 164 1020 918 1099; baseline -0.003 -19"><span class='ocrx_word' id='word_1_34' title='bbox 164 1021 293 1080; x_wconf 85' lang='lat' dir='ltr'>numeris</span> <span class='ocrx_word' id='word_1_35' title='bbox 309 1033 338 1080; x_wconf 90' lang='lat' dir='ltr'><strong>et</strong></span> <span class='ocrx_word' id='word_1_36' title='bbox 354 1021 443 1080; x_wconf 82' lang='lat' dir='ltr'><strong>uariis</strong></span> <span class='ocrx_word' id='word_1_37' title='bbox 459 1020 639 1099; x_wconf 82' lang='lat' dir='ltr'><strong>cogitabam3</strong></span> <span class='ocrx_word' id='word_1_38' title='bbox 655 1033 685 1079; x_wconf 91' lang='lat' dir='ltr'><strong>et</strong></span> <span class='ocrx_word' id='word_1_39' title='bbox 696 1021 764 1079; x_wconf 86' lang='lat' dir='ltr'><strong>ideo</strong></span> <span class='ocrx_word' id='word_1_40' title='bbox 779 1039 838 1079; x_wconf 92' lang='lat' dir='ltr'><strong>non</strong></span> <span class='ocrx_word' id='word_1_41' title='bbox 854 1039 918 1079; x_wconf 87' lang='lat' dir='ltr'><strong>eam</strong></span> 
     </span>
     <span class='ocr_line' id='line_1_7' title="bbox 164 1110 921 1198; baseline 0 -28"><span class='ocrx_word' id='word_1_42' title='bbox 164 1110 326 1192; x_wconf 73' lang='lat' dir='ltr'><strong>cogitabam</strong></span> <span class='ocrx_word' id='word_1_43' title='bbox 340 1112 451 1183; x_wconf 76' lang='lat' dir='ltr'><strong>:foedas</strong></span> <span class='ocrx_word' id='word_1_44' title='bbox 466 1124 496 1198; x_wconf 81' lang='lat' dir='ltr'><strong>et</strong></span> <span class='ocrx_word' id='word_1_45' title='bbox 512 1110 668 1188; x_wconf 84' lang='lat' dir='ltr'><strong>horribiles</strong></span> <span class='ocrx_word' id='word_1_46' title='bbox 683 1112 790 1170; x_wconf 85' lang='lat' dir='ltr'><strong>formas</strong></span> <span class='ocrx_word' id='word_1_47' title='bbox 804 1125 921 1190; x_wconf 81' lang='lat' dir='ltr'><strong>pertur-</strong></span> 
     </span>
     <span class='ocr_line' id='line_1_8' title="bbox 164 1202 920 1276; baseline 0 -14"><span class='ocrx_word' id='word_1_48' title='bbox 164 1203 240 1273; x_wconf 83' lang='lat' dir='ltr'><strong>batis</strong></span> <span class='ocrx_word' id='word_1_49' title='bbox 260 1202 416 1263; x_wconf 84' lang='lat' dir='ltr'><strong>ordinibus</strong></span> <span class='ocrx_word' id='word_1_50' title='bbox 437 1203 574 1264; x_wconf 83' lang='lat' dir='ltr'><strong>volvebat</strong></span> <span class='ocrx_word' id='word_1_51' title='bbox 595 1203 720 1276; x_wconf 88' lang='lat' dir='ltr'><strong>animus,</strong></span> <span class='ocrx_word' id='word_1_52' title='bbox 743 1203 794 1262; x_wconf 92' lang='lat' dir='ltr'><strong>sed</strong></span> <span class='ocrx_word' id='word_1_53' title='bbox 813 1204 920 1262; x_wconf 86' lang='lat' dir='ltr'><strong>fortnas</strong></span> 
     </span>
     <span class='ocr_line' id='line_1_9' title="bbox 164 1291 922 1372; baseline 0.001 -20"><span class='ocrx_word' id='word_1_54' title='bbox 164 1305 277 1365; x_wconf 84' lang='lat' dir='ltr'><strong>tamen3</strong></span> <span class='ocrx_word' id='word_1_55' title='bbox 295 1307 324 1353; x_wconf 93' lang='lat' dir='ltr'><strong>et</strong></span> <span class='ocrx_word' id='word_1_56' title='bbox 334 1294 464 1354; x_wconf 63' lang='lat' dir='ltr'><strong>”informe</strong></span> <span class='ocrx_word' id='word_1_57' title='bbox 480 1291 679 1372; x_wconf 79' lang='lat' dir='ltr'>appellabam,</span> <span class='ocrx_word' id='word_1_58' title='bbox 696 1313 756 1352; x_wconf 91' lang='lat' dir='ltr'><strong>non</strong></span> <span class='ocrx_word' id='word_1_59' title='bbox 772 1295 852 1372; x_wconf 89' lang='lat' dir='ltr'><strong>quod</strong></span> <span class='ocrx_word' id='word_1_60' title='bbox 873 1315 922 1353; x_wconf 79' lang='lat' dir='ltr'><strong>ca-</strong></span> 
     </span>
     <span class='ocr_line' id='line_1_10' title="bbox 164 1383 921 1463; baseline -0.001 -21"><span class='ocrx_word' id='word_1_61' title='bbox 164 1395 244 1442; x_wconf 87' lang='lat' dir='ltr'><strong>reret</strong></span> <span class='ocrx_word' id='word_1_62' title='bbox 262 1385 373 1458; x_wconf 85' lang='lat' dir='ltr'><strong>forma,</strong></span> <span class='ocrx_word' id='word_1_63' title='bbox 390 1384 443 1444; x_wconf 89' lang='lat' dir='ltr'><strong>sed</strong></span> <span class='ocrx_word' id='word_1_64' title='bbox 463 1384 542 1463; x_wconf 88' lang='lat' dir='ltr'><strong>quod</strong></span> <span class='ocrx_word' id='word_1_65' title='bbox 562 1384 648 1442; x_wconf 87' lang='lat' dir='ltr'><strong>talem</strong></span> <span class='ocrx_word' id='word_1_66' title='bbox 668 1383 803 1455; x_wconf 87' lang='lat' dir='ltr'><strong>haberet,</strong></span> <span class='ocrx_word' id='word_1_67' title='bbox 827 1396 877 1457; x_wconf 93' lang='lat' dir='ltr'><strong>ut,</strong></span> <span class='ocrx_word' id='word_1_68' title='bbox 897 1385 921 1442; x_wconf 92' lang='lat' dir='ltr'><strong>si</strong></span> 
     </span>
     <span class='ocr_line' id='line_1_11' title="bbox 166 1475 922 1553; baseline 0 -21"><span class='ocrx_word' id='word_1_69' title='bbox 166 1487 334 1553; x_wconf 82' lang='lat' dir='ltr'>appareret,</span> <span class='ocrx_word' id='word_1_70' title='bbox 350 1475 497 1545; x_wconf 78' lang='lat' dir='ltr'><strong>insolitum</strong></span> <span class='ocrx_word' id='word_1_71' title='bbox 516 1487 545 1532; x_wconf 91' lang='lat' dir='ltr'><strong>et</strong></span> <span class='ocrx_word' id='word_1_72' title='bbox 560 1475 752 1550; x_wconf 88' lang='lat' dir='ltr'><strong>incongruum</strong></span> <span class='ocrx_word' id='word_1_73' title='bbox 772 1493 922 1532; x_wconf 81' lang='lat' dir='ltr'><strong>aversare-</strong></span> 
     </span>
     <span class='ocr_line' id='line_1_12' title="bbox 165 1561 923 1636; baseline -0.003 -14"><span class='ocrx_word' id='word_1_74' title='bbox 165 1575 215 1622; x_wconf 89' lang='lat' dir='ltr'><strong>tur</strong></span> <span class='ocrx_word' id='word_1_75' title='bbox 238 1584 338 1624; x_wconf 83' lang='lat' dir='ltr'><strong>sensus</strong></span> <span class='ocrx_word' id='word_1_76' title='bbox 358 1584 457 1636; x_wconf 91' lang='lat' dir='ltr'><strong>meus,</strong></span> <span class='ocrx_word' id='word_1_77' title='bbox 477 1576 507 1622; x_wconf 91' lang='lat' dir='ltr'><strong>et</strong></span> <span class='ocrx_word' id='word_1_78' title='bbox 526 1561 752 1624; x_wconf 82' lang='lat' dir='ltr'><strong>conturbaretur</strong></span> <span class='ocrx_word' id='word_1_79' title='bbox 774 1563 923 1622; x_wconf 85' lang='lat' dir='ltr'><strong>infirmitas</strong></span> 
     </span>
     <span class='ocr_line' id='line_1_13' title="bbox 166 1647 922 1730; baseline -0.004 -17"><span class='ocrx_word' id='word_1_80' title='bbox 166 1654 301 1714; x_wconf 89' lang='lat' dir='ltr'><strong>hominis.</strong></span> <span class='ocrx_word' id='word_1_81' title='bbox 311 1659 421 1714; x_wconf 87' lang='lat' dir='ltr'><strong>Verum</strong></span> <span class='ocrx_word' id='word_1_82' title='bbox 434 1653 553 1713; x_wconf 87' lang='lat' dir='ltr'><strong>autem*</strong></span> <span class='ocrx_word' id='word_1_83' title='bbox 564 1647 639 1710; x_wconf 91' lang='lat' dir='ltr'><strong>illud</strong></span> <span class='ocrx_word' id='word_1_84' title='bbox 655 1652 736 1730; x_wconf 89' lang='lat' dir='ltr'><strong>quod</strong></span> <span class='ocrx_word' id='word_1_85' title='bbox 750 1653 922 1729; x_wconf 80' lang='lat' dir='ltr'><strong>cogitabam,</strong></span> 
     </span>
     <span class='ocr_line' id='line_1_14' title="bbox 166 1742 924 1822; baseline -0.004 -19"><span class='ocrx_word' id='word_1_86' title='bbox 166 1763 226 1803; x_wconf 88' lang='lat' dir='ltr'><strong>non</strong></span> <span class='ocrx_word' id='word_1_87' title='bbox 237 1745 400 1822; x_wconf 90' lang='lat' dir='ltr'><strong>privatione</strong></span> <span class='ocrx_word' id='word_1_88' title='bbox 415 1743 508 1802; x_wconf 85' lang='lat' dir='ltr'><strong>omnis</strong></span> <span class='ocrx_word' id='word_1_89' title='bbox 523 1744 632 1816; x_wconf 74' lang='lat' dir='ltr'><strong>formae,</strong></span> <span class='ocrx_word' id='word_1_90' title='bbox 641 1742 693 1801; x_wconf 90' lang='lat' dir='ltr'><strong>sed</strong></span> <span class='ocrx_word' id='word_1_91' title='bbox 707 1745 924 1820; x_wconf 88' lang='lat' dir='ltr'><strong>comparatione</strong></span> 
     </span>
     <span class='ocr_line' id='line_1_15' title="bbox 167 1833 923 1895; baseline 0.001 -2"><span class='ocrx_word' id='word_1_92' title='bbox 167 1835 374 1895; x_wconf 82' lang='lat' dir='ltr'><strong>formosiorum</strong></span> <span class='ocrx_word' id='word_1_93' title='bbox 398 1848 460 1894; x_wconf 87' lang='lat' dir='ltr'><strong>erat</strong></span> <span class='ocrx_word' id='word_1_94' title='bbox 483 1834 628 1893; x_wconf 86' lang='lat' dir='ltr'><strong>informe:</strong></span> <span class='ocrx_word' id='word_1_95' title='bbox 645 1846 674 1892; x_wconf 90' lang='lat' dir='ltr'><strong>et</strong></span> <span class='ocrx_word' id='word_1_96' title='bbox 694 1833 835 1894; x_wconf 89' lang='lat' dir='ltr'><strong>suadebat</strong></span> <span class='ocrx_word' id='word_1_97' title='bbox 855 1856 923 1894; x_wconf 88' lang='lat' dir='ltr'><strong>vera</strong></span> 
     </span>
     <span class='ocr_line' id='line_1_16' title="bbox 168 1925 923 2003; baseline -0.001 -18"><span class='ocrx_word' id='word_1_98' title='bbox 168 1927 252 1999; x_wconf 90' lang='lat' dir='ltr'><strong>ratio,</strong></span> <span class='ocrx_word' id='word_1_99' title='bbox 264 1940 298 1986; x_wconf 91' lang='lat' dir='ltr'><strong>ut</strong></span> <span class='ocrx_word' id='word_1_100' title='bbox 310 1926 412 1985; x_wconf 88' lang='lat' dir='ltr'><strong>omnis</strong></span> <span class='ocrx_word' id='word_1_101' title='bbox 422 1926 524 1986; x_wconf 89' lang='lat' dir='ltr'><strong>formae</strong></span> <span class='ocrx_word' id='word_1_102' title='bbox 542 1925 770 2003; x_wconf 87' lang='lat' dir='ltr'><strong>qualescumque</strong></span> <span class='ocrx_word' id='word_1_103' title='bbox 785 1925 923 2003; x_wconf 87' lang='lat' dir='ltr'><strong>reliquias</strong></span> 
     </span>
     <span class='ocr_line' id='line_1_17' title="bbox 168 2015 926 2094; baseline -0.004 -17"><span class='ocrx_word' id='word_1_104' title='bbox 168 2018 287 2077; x_wconf 90' lang='lat' dir='ltr'><strong>omnino</strong></span> <span class='ocrx_word' id='word_1_105' title='bbox 304 2017 496 2090; x_wconf 84' lang='lat' dir='ltr'><strong>detraherem,</strong></span> <span class='ocrx_word' id='word_1_106' title='bbox 511 2017 536 2076; x_wconf 90' lang='lat' dir='ltr'><strong>si</strong></span> <span class='ocrx_word' id='word_1_107' title='bbox 551 2017 655 2076; x_wconf 87' lang='lat' dir='ltr'><strong>vellem</strong></span> <span class='ocrx_word' id='word_1_108' title='bbox 669 2036 789 2094; x_wconf 89' lang='lat' dir='ltr'><strong>prorsus</strong></span> <span class='ocrx_word' id='word_1_109' title='bbox 802 2015 926 2075; x_wconf 79' lang='lat' dir='ltr'><strong>informe</strong></span> 
     </span>
     <span class='ocr_line' id='line_1_18' title="bbox 170 2107 926 2188; baseline -0.003 -20"><span class='ocrx_word' id='word_1_110' title='bbox 170 2109 314 2186; x_wconf 76' lang='lat' dir='ltr'><strong>cogtme3</strong></span> <span class='ocrx_word' id='word_1_111' title='bbox 326 2121 355 2168; x_wconf 90' lang='lat' dir='ltr'><strong>et</strong></span> <span class='ocrx_word' id='word_1_112' title='bbox 369 2129 428 2167; x_wconf 90' lang='lat' dir='ltr'><strong>non</strong></span> <span class='ocrx_word' id='word_1_113' title='bbox 441 2121 583 2188; x_wconf 87' lang='lat' dir='ltr'><strong>poteram.</strong></span> <span class='ocrx_word' id='word_1_114' title='bbox 598 2107 690 2168; x_wconf 85' lang='lat' dir='ltr'><strong>Citius</strong></span> <span class='ocrx_word' id='word_1_115' title='bbox 703 2108 780 2166; x_wconf 90' lang='lat' dir='ltr'><strong>enim</strong></span> <span class='ocrx_word' id='word_1_116' title='bbox 793 2128 853 2166; x_wconf 91' lang='lat' dir='ltr'><strong>non</strong></span> <span class='ocrx_word' id='word_1_117' title='bbox 865 2129 926 2168; x_wconf 90' lang='lat' dir='ltr'><strong>esse</strong></span> 
     </span>
     <span class='ocr_line' id='line_1_19' title="bbox 170 2197 927 2278; baseline -0.001 -20"><span class='ocrx_word' id='word_1_118' title='bbox 170 2198 335 2272; x_wconf 85' lang='lat' dir='ltr'><strong>censebam,</strong></span> <span class='ocrx_word' id='word_1_119' title='bbox 351 2197 430 2278; x_wconf 89' lang='lat' dir='ltr'><strong>quod</strong></span> <span class='ocrx_word' id='word_1_120' title='bbox 446 2198 527 2258; x_wconf 89' lang='lat' dir='ltr'><strong>omni</strong></span> <span class='ocrx_word' id='word_1_121' title='bbox 542 2199 636 2262; x_wconf 89' lang='lat' dir='ltr'><strong>forma</strong></span> <span class='ocrx_word' id='word_1_122' title='bbox 649 2199 825 2277; x_wconf 87' lang='lat' dir='ltr'><strong>privaretur,</strong></span> <span class='ocrx_word' id='word_1_123' title='bbox 840 2217 927 2274; x_wconf 92' lang='lat' dir='ltr'><strong>quarn</strong></span> 
     </span>
     <span class='ocr_line' id='line_1_20' title="bbox 170 2287 928 2368; baseline -0.005 -20"><span class='ocrx_word' id='word_1_124' title='bbox 170 2287 334 2368; x_wconf 78' lang='lat' dir='ltr'><strong>cogitabam</strong></span> <span class='ocrx_word' id='word_1_125' title='bbox 356 2287 496 2368; x_wconf 86' lang='lat' dir='ltr'><strong>quiddam</strong></span> <span class='ocrx_word' id='word_1_126' title='bbox 517 2287 594 2348; x_wconf 87' lang='lat' dir='ltr'><strong>inter</strong></span> <span class='ocrx_word' id='word_1_127' title='bbox 613 2287 769 2346; x_wconf 82' lang='lat' dir='ltr'><strong>formatum</strong></span> <span class='ocrx_word' id='word_1_128' title='bbox 788 2299 818 2345; x_wconf 90' lang='lat' dir='ltr'><strong>et</strong></span> <span class='ocrx_word' id='word_1_129' title='bbox 836 2287 928 2358; x_wconf 85' lang='lat' dir='ltr'><strong>nihil,</strong></span> 
     </span>
     <span class='ocr_line' id='line_1_21' title="bbox 169 2378 926 2459; baseline -0.005 -21"><span class='ocrx_word' id='word_1_130' title='bbox 169 2397 224 2438; x_wconf 82' lang='lat' dir='ltr'><strong>uec</strong></span> <span class='ocrx_word' id='word_1_131' title='bbox 240 2379 396 2459; x_wconf 87' lang='lat' dir='ltr'><strong>formatum</strong></span> <span class='ocrx_word' id='word_1_132' title='bbox 411 2399 464 2438; x_wconf 89' lang='lat' dir='ltr'><strong>nec</strong></span> <span class='ocrx_word' id='word_1_133' title='bbox 478 2378 563 2452; x_wconf 90' lang='lat' dir='ltr'><strong>nihil,</strong></span> <span class='ocrx_word' id='word_1_134' title='bbox 574 2379 700 2438; x_wconf 88' lang='lat' dir='ltr'><strong>informe</strong></span> <span class='ocrx_word' id='word_1_135' title='bbox 713 2397 807 2457; x_wconf 90' lang='lat' dir='ltr'><strong>prope</strong></span> <span class='ocrx_word' id='word_1_136' title='bbox 821 2378 894 2437; x_wconf 90' lang='lat' dir='ltr'><strong>nihil</strong></span> <span class='ocrx_word' id='word_1_137' title='bbox 906 2379 926 2434; x_wconf 86' lang='lat'><strong>*.</strong></span> 
     </span>
     <span class='ocr_line' id='line_1_22' title="bbox 170 2469 930 2546; baseline -0.003 -18"><span class='ocrx_word' id='word_1_138' title='bbox 170 2472 208 2528; x_wconf 88' lang='lat' dir='ltr'><strong>Et</strong></span> <span class='ocrx_word' id='word_1_139' title='bbox 224 2470 349 2530; x_wconf 85' lang='lat' dir='ltr'><strong>cessavit</strong></span> <span class='ocrx_word' id='word_1_140' title='bbox 371 2473 452 2530; x_wconf 89' lang='lat' dir='ltr'><strong>me&#39;ns</strong></span> <span class='ocrx_word' id='word_1_141' title='bbox 474 2488 539 2530; x_wconf 90' lang='lat' dir='ltr'><strong>mea</strong></span> <span class='ocrx_word' id='word_1_142' title='bbox 566 2469 748 2546; x_wconf 88' lang='lat' dir='ltr'><strong>interrogare</strong></span> <span class='ocrx_word' id='word_1_143' title='bbox 773 2469 842 2527; x_wconf 86' lang='lat' dir='ltr'><strong>hinc</strong></span> <span class='ocrx_word' id='word_1_144' title='bbox 867 2469 930 2546; x_wconf 91' lang='lat' dir='ltr'><strong>spi-</strong></span> 
     </span>
     <span class='ocr_line' id='line_1_23' title="bbox 172 2559 930 2644; baseline -0.007 -20"><span class='ocrx_word' id='word_1_145' title='bbox 172 2559 263 2624; x_wconf 86' lang='lat' dir='ltr'><strong>titum</strong></span> <span class='ocrx_word' id='word_1_146' title='bbox 279 2579 382 2620; x_wconf 82' lang='lat' dir='ltr'><strong>meum</strong></span> <span class='ocrx_word' id='word_1_147' title='bbox 398 2561 517 2638; x_wconf 90' lang='lat' dir='ltr'><strong>plenum</strong></span> <span class='ocrx_word' id='word_1_148' title='bbox 537 2559 713 2644; x_wconf 84' lang='lat' dir='ltr'><strong>imaginihus</strong></span> <span class='ocrx_word' id='word_1_149' title='bbox 737 2561 930 2619; x_wconf 84' lang='lat' dir='ltr'><strong>formatorum</strong></span> 
     </span>
     <span class='ocr_line' id='line_1_24' title="bbox 172 2648 931 2727; baseline -0.005 -17"><span class='ocrx_word' id='word_1_150' title='bbox 172 2667 341 2726; x_wconf 72' lang='lat' dir='ltr'><strong>corporum,</strong></span> <span class='ocrx_word' id='word_1_151' title='bbox 362 2661 392 2711; x_wconf 87' lang='lat' dir='ltr'><strong>et</strong></span> <span class='ocrx_word' id='word_1_152' title='bbox 412 2669 461 2708; x_wconf 91' lang='lat' dir='ltr'><strong>eas</strong></span> <span class='ocrx_word' id='word_1_153' title='bbox 483 2667 539 2727; x_wconf 92' lang='lat' dir='ltr'><strong>pro</strong></span> <span class='ocrx_word' id='word_1_154' title='bbox 561 2648 684 2714; x_wconf 83' lang='lat' dir='ltr'><strong>arbitrio</strong></span> <span class='ocrx_word' id='word_1_155' title='bbox 704 2661 866 2715; x_wconf 85' lang='lat' dir='ltr'><strong>mutantem</strong></span> <span class='ocrx_word' id='word_1_156' title='bbox 887 2662 931 2706; x_wconf 89' lang='lat' dir='ltr'><strong>at-</strong></span> 
     </span>
     <span class='ocr_line' id='line_1_25' title="bbox 173 2737 932 2820; baseline -0.001 -22"><span class='ocrx_word' id='word_1_157' title='bbox 173 2755 232 2815; x_wconf 80' lang='lat' dir='ltr'><strong>que</strong></span> <span class='ocrx_word' id='word_1_158' title='bbox 259 2737 438 2810; x_wconf 72' lang='lat' dir='ltr'><strong>variantem,</strong></span> <span class='ocrx_word' id='word_1_159' title='bbox 465 2751 495 2797; x_wconf 90' lang='lat' dir='ltr'><strong>et</strong></span> <span class='ocrx_word' id='word_1_160' title='bbox 519 2738 631 2798; x_wconf 88' lang='lat' dir='ltr'><strong>intendi</strong></span> <span class='ocrx_word' id='word_1_161' title='bbox 647 2739 687 2796; x_wconf 78' lang='lat' dir='ltr'><strong>in</strong></span> <span class='ocrx_word' id='word_1_162' title='bbox 707 2737 771 2820; x_wconf 87' lang='lat' dir='ltr'><strong>ipsa</strong></span> <span class='ocrx_word' id='word_1_163' title='bbox 793 2755 932 2817; x_wconf 77' lang='lat' dir='ltr'><strong>corpora,</strong></span> 
     </span>
     <span class='ocr_line' id='line_1_26' title="bbox 175 2823 933 2907; baseline -0.002 -20"><span class='ocrx_word' id='word_1_164' title='bbox 175 2845 336 2907; x_wconf 89' lang='lat' dir='ltr'><strong>eorumque</strong></span> <span class='ocrx_word' id='word_1_165' title='bbox 363 2827 588 2894; x_wconf 85' lang='lat' dir='ltr'><strong>mutabilitatem</strong></span> <span class='ocrx_word' id='word_1_166' title='bbox 611 2823 861 2905; x_wconf 48' lang='lat' dir='ltr'><strong>altiusstnspexig</strong></span> <span class='ocrx_word' id='word_1_167' title='bbox 874 2828 933 2906; x_wconf 63' lang='lat' dir='ltr'><strong>“qua</strong></span> 
     </span>
     <span class='ocr_line' id='line_1_27' title="bbox 156 2909 995 2998; baseline 0.006 -22"><span class='ocrx_word' id='word_1_168' title='bbox 156 2987 161 2994; x_wconf 20' lang='lat' dir='ltr'><em>A</em></span> <span class='ocrx_word' id='word_1_169' title='bbox 177 2915 314 2978; x_wconf 82' lang='lat' dir='ltr'><strong>desinunt</strong></span> <span class='ocrx_word' id='word_1_170' title='bbox 328 2939 392 2980; x_wconf 86' lang='lat' dir='ltr'><strong>esse</strong></span> <span class='ocrx_word' id='word_1_171' title='bbox 411 2918 492 2998; x_wconf 92' lang='lat' dir='ltr'><strong>quod</strong></span> <span class='ocrx_word' id='word_1_172' title='bbox 511 2918 652 2990; x_wconf 83' lang='lat' dir='ltr'><strong>fuerant,¹</strong></span> <span class='ocrx_word' id='word_1_173' title='bbox 663 2909 693 2977; x_wconf 86' lang='lat' dir='ltr'><strong>et</strong></span> <span class='ocrx_word' id='word_1_174' title='bbox 708 2917 854 2997; x_wconf 87' lang='lat' dir='ltr'><strong>incipiunt</strong></span> <span class='ocrx_word' id='word_1_175' title='bbox 871 2937 995 2982; x_wconf 59' lang='lat' dir='ltr'><strong>essu-wa</strong></span> 
     </span>
     <span class='ocr_line' id='line_1_28' title="bbox 177 3007 933 3086; baseline 0.005 -19"><span class='ocrx_word' id='word_1_176' title='bbox 177 3007 259 3086; x_wconf 89' lang='lat' dir='ltr'><strong>quod</strong></span> <span class='ocrx_word' id='word_1_177' title='bbox 283 3029 343 3070; x_wconf 89' lang='lat' dir='ltr'><strong>non</strong></span> <span class='ocrx_word' id='word_1_178' title='bbox 368 3023 475 3082; x_wconf 87' lang='lat' dir='ltr'><strong>erant;·</strong></span> <span class='ocrx_word' id='word_1_179' title='bbox 494 3007 689 3086; x_wconf 89' lang='lat' dir='ltr'><strong>eumdemque</strong></span> <span class='ocrx_word' id='word_1_180' title='bbox 717 3010 869 3074; x_wconf 89' lang='lat' dir='ltr'><strong>transitum</strong></span> <span class='ocrx_word' id='word_1_181' title='bbox 896 3013 933 3071; x_wconf 89' lang='lat' dir='ltr'><strong>de</strong></span> 
     </span>
    </p>
   </div>
   <div class='ocr_carea' id='block_1_3' title="bbox 175 3096 935 3363">
    <p class='ocr_par' dir='ltr' id='par_1_3' title="bbox 175 3096 935 3363">
     <span class='ocr_line' id='line_1_29' title="bbox 176 3096 935 3178; baseline 0.005 -20"><span class='ocrx_word' id='word_1_182' title='bbox 176 3098 273 3158; x_wconf 85' lang='lat' dir='ltr'><strong>forma</strong></span> <span class='ocrx_word' id='word_1_183' title='bbox 291 3099 323 3160; x_wconf 89' lang='lat' dir='ltr'><strong>iu</strong></span> <span class='ocrx_word' id='word_1_184' title='bbox 343 3101 467 3160; x_wconf 88' lang='lat' dir='ltr'><strong>formam</strong></span> <span class='ocrx_word' id='word_1_185' title='bbox 490 3119 549 3177; x_wconf 89' lang='lat' dir='ltr'><strong>per·</strong></span> <span class='ocrx_word' id='word_1_186' title='bbox 564 3096 692 3158; x_wconf 83' lang='lat' dir='ltr'><strong>informe</strong></span> <span class='ocrx_word' id='word_1_187' title='bbox 711 3100 852 3178; x_wconf 88' lang='lat' dir='ltr'><strong>quiddam</strong></span> <span class='ocrx_word' id='word_1_188' title='bbox 870 3103 935 3162; x_wconf 88' lang='lat' dir='ltr'><strong>fieri</strong></span> 
     </span>
     <span class='ocr_line' id='line_1_30' title="bbox 175 3189 934 3270; baseline 0.003 -21"><span class='ocrx_word' id='word_1_189' title='bbox 175 3189 341 3270; x_wconf 86' lang='lat' dir='ltr'><strong>suspicatus</strong></span> <span class='ocrx_word' id='word_1_190' title='bbox 366 3211 444 3266; x_wconf 86' lang='lat' dir='ltr'><strong>sum,</strong></span> <span class='ocrx_word' id='word_1_191' title='bbox 466 3208 525 3248; x_wconf 93' lang='lat' dir='ltr'><strong>non</strong></span> <span class='ocrx_word' id='word_1_192' title='bbox 551 3207 605 3268; x_wconf 90' lang='lat' dir='ltr'><strong>per</strong></span> <span class='ocrx_word' id='word_1_193' title='bbox 628 3190 745 3249; x_wconf 81' lang='lat' dir='ltr'><strong>omnim</strong></span> <span class='ocrx_word' id='word_1_194' title='bbox 771 3192 843 3251; x_wconf 90' lang='lat' dir='ltr'><strong>nihil</strong></span> <span class='ocrx_word' id='word_1_195' title='bbox 859 3215 866 3250; x_wconf 91' lang='lat'>:</span> <span class='ocrx_word' id='word_1_196' title='bbox 883 3192 934 3251; x_wconf 91' lang='lat' dir='ltr'><strong>sed</strong></span> 
     </span>
     <span class='ocr_line' id='line_1_31' title="bbox 175 3281 934 3363; baseline 0.001 -23"><span class='ocrx_word' id='word_1_197' title='bbox 175 3300 263 3343; x_wconf 84' lang='lat' dir='ltr'><strong>nosse</strong></span> <span class='ocrx_word' id='word_1_198' title='bbox 286 3281 457 3363; x_wconf 89' lang='lat' dir='ltr'><strong>cupiebam,</strong></span> <span class='ocrx_word' id='word_1_199' title='bbox 478 3302 539 3342; x_wconf 91' lang='lat' dir='ltr'><strong>non</strong></span> <span class='ocrx_word' id='word_1_200' title='bbox 561 3283 713 3362; x_wconf 89' lang='lat' dir='ltr'><strong>suspicari.</strong></span> <span class='ocrx_word' id='word_1_201' title='bbox 733 3286 773 3340; x_wconf 73' lang='lat' dir='ltr'><strong>=Et</strong></span> <span class='ocrx_word' id='word_1_202' title='bbox 795 3284 819 3343; x_wconf 88' lang='lat' dir='ltr'><strong>si</strong></span> <span class='ocrx_word' id='word_1_203' title='bbox 840 3297 934 3342; x_wconf 90' lang='lat' dir='ltr'><strong>totum</strong></span> 
     </span>
    </p>
   </div>
   <div class='ocr_carea' id='block_1_4' title="bbox 0 0 1201 4094">
    <p class='ocr_par' dir='ltr' id='par_1_4' title="bbox 0 0 1201 4094">
     <span class='ocr_line' id='line_1_32' title="bbox 0 0 1201 4094; baseline 0 0"><span class='ocrx_word' id='word_1_204' title='bbox 0 0 1201 4094; x_wconf 95' lang='lat' dir='ltr'><strong> </strong></span> 
     </span>
    </p>
   </div>
  </div>
 </body>
</html>
