2394 4010
296 463 347 511 ³04
482 460 508 509 S.
521 457 702 509 AUGUSTINI
720 457 863 508 Erlscort
912 503 913 508 ,

294 579 403 639 quaero.
424 563 558 634 Quaeram
577 572 605 617 te
618 572 652 616 ut
663 559 744 616 vivat
762 558 857 616 anima
877 577 950 617 mea.
971 560 1052 620 Vivit

294 653 370 710 enim
392 669 497 728 corpus
523 669 619 707 meum
647 648 685 706 de
710 648 806 705 anima
825 668 906 721 mea,
928 662 957 706 ct
977 651 1052 709 vivit

294 743 390 800 anima
403 760 468 800 mea
481 740 517 799 de
532 753 568 798 to.
587 737 742 814 Quomodo
761 741 830 814 ergo
843 758 943 815 quaero
958 740 1050 800 vitam

294 829 427 902 beatam,
440 831 510 907 quia
527 847 585 886 non
606 841 649 886 cst
668 828 740 886 mihi
761 826 853 885 donec
874 827 988 900 dicam,
1001 833 1051 888 Sat

295 933 353 990 est,
368 921 427 978 illic
441 919 493 977 ubi
514 931 629 996 oportet
644 930 677 976 ut
689 917 806 975 dicam?
818 917 966 994 quomodo
984 937 1049 976 eam

294 1012 414 1087 quaero?
432 1014 537 1069 Utrum
556 1029 610 1088 per
636 1009 885 1082 recordationem,
912 1022 1049 1086 tanquam

295 1119 358 1158 eam
381 1100 488 1159 oblitus
509 1101 580 1172 sim,
599 1100 781 1176 oblitumque
803 1119 851 1157 mo
863 1111 931 1158 'esse
952 1099 1049 1158 adhuc

295 1202 406 1248 teneam
413 1211 422 1262 ;
435 1210 472 1247 au
485 1210 539 1267 per
550 1191 709 1268 appetitum
722 1187 852 1246 discendi
863 1189 1048 1266 incognitam,

233 1284 244 1300 “
294 1280 356 1337 sive
375 1300 464 1358 quam
485 1300 634 1356 nunquam
659 1280 791 1349 scierim,
812 1280 873 1336 sive
895 1299 984 1356 quam
1007 1282 1049 1338 sic

294 1367 401 1426 oblitus
416 1370 520 1428 fuerim
540 1382 573 1426 ut
586 1391 632 1427 me
653 1389 706 1426 nec
720 1367 842 1426 oblitum
863 1389 925 1427 esse
945 1371 1050 1428 memi-

294 1459 406 1516 nerim?
419 1463 520 1516 Nonne
537 1459 600 1535 ipsa
614 1470 657 1516 est
670 1456 756 1514 beata
774 1459 833 1516 vita
846 1478 935 1535 quam
948 1477 1047 1516 omnes

294 1549 411 1619 volunt,
424 1561 453 1606 et
468 1549 585 1606 omnino
598 1549 650 1625 qui
663 1549 735 1606 nolit
748 1568 833 1606 nemo
848 1550 909 1605 est?
922 1547 981 1606 Ubi
994 1567 1049 1606 no-

292 1652 396 1699 verunt
413 1659 493 1710 eam,
514 1638 595 1717 quod
616 1639 656 1696 sic
675 1639 778 1696 volunt
797 1641 880 1696 eam?
893 1638 951 1697 Ubi
965 1638 1048 1697 vide-

292 1742 375 1800 runt,
388 1742 423 1787 ut
434 1742 564 1787 amarent
575 1731 659 1786 eam?
671 1730 814 1787 Nimirum
829 1727 970 1787 habemus
983 1749 1046 1788 eam

293 1821 389 1878 nescio
408 1821 566 1896 quomodo.
580 1823 617 1876 Et
636 1832 679 1877 est
699 1820 771 1878 alius
794 1819 912 1896 quidam
926 1821 1047 1892 modus,

293 1931 352 1987 quo
366 1912 489 1988 quisque
503 1931 569 1969 cnm
588 1909 677 1968 habet
691 1931 769 1982 eam,
785 1924 853 1968 tunc
872 1909 974 1970 beatus
987 1926 1046 1983 est3

293 2012 322 2058 ct
335 2012 400 2057 sunt
419 2001 470 2076 qui
489 2021 540 2078 spe
559 1999 637 2058 beati
651 2013 726 2058 sunt.
739 2001 880 2058 Inferiore
897 2002 985 2059 modo
998 2002 1046 2060 isti

293 2089 400 2148 habent
418 2109 498 2161 eam,
514 2091 603 2166 quam'
624 2090 666 2148 illi
685 2091 735 2167 qui
752 2089 821 2166 jam'
833 2111 866 2148 re
886 2091 949 2168 ipsa
969 2090 1045 2149 beati

292 2193 373 2251 sunt3
386 2179 436 2237 scd
455 2193 551 2238 tamen
569 2181 702 2238 meliores
721 2200 807 2258 quam
822 2181 864 2238 illi
878 2181 928 2257 qui
942 2200 995 2240 nec
1013 2201 1046 2238 re

292 2288 345 2326 nec
365 2288 417 2346 spe
434 2267 513 2327 beati
533 2280 608 2326 sunt.
628 2271 684 2343 Qui
699 2282 796 2328 tamen
816 2271 901 2328 etiam
922 2272 977 2350 ipsi
990 2271 1045 2328 nisi

292 2358 389 2434 aliquo
417 2357 505 2414 modo
528 2357 668 2417 habereut
695 2379 775 2432 eam,
796 2362 912 2419 nonita
938 2362 1045 2420 vellent

291 2447 370 2506 beati
381 2467 458 2518 esse,
473 2449 553 2525 quod
565 2469 614 2507 eos
629 2451 703 2509 velle
717 2453 907 2511 certissimum
922 2449 1043 2526 est.'Ne;

291 2538 351 2598 scio
369 2540 517 2616 quomodo
536 2553 679 2599 noverunt
699 2561 778 2613 eam,
791 2542 916 2620 ideoque
937 2529 1045 2601 babent

291 2649 354 2688 eam
366 2629 395 2686 in
409 2631 506 2688 nescio
516 2649 574 2708 qua
582 2632 698 2701 notitia,
713 2629 750 2688 de
761 2651 820 2708 qua
833 2643 931 2709 satago
944 2644 1044 2690 utrum

290 2722 320 2778 in
339 2721 479 2779 memoria
493 2722 529 2779 sit
544 2743 550 2777 :
565 2723 633 2799 quia
647 2723 671 2779 si
683 2720 725 2780 ibi
742 2734 800 2792 est,
811 2721 872 2798 jam
884 2722 962 2780 beati
984 2722 1042 2781 sui-

291 2829 354 2867 mus
366 2807 534 2888 aliquand03
549 2825 647 2869 utrum
662 2810 825 2887 singillatim
838 2831 954 2884 omnes,
966 2831 1002 2870 au
1013 2813 1043 2870 iu

290 2900 341 2957 ilio
361 2899 478 2958 homine
504 2903 555 2978 qui
582 2903 693 2980 primus
718 2903 865 2979 peccavit,
886 2904 916 2960 in
936 2923 996 2980 quo
1015 2917 1044 2961 et

290 3009 390 3047 omnes
408 2993 515 3050 mortui
536 3012 652 3064 sumus,
673 3005 702 3049 et
722 2991 836 3069 dequo
855 3013 954 3052 omnes
976 3015 1042 3053 cum

289 3079 406 3136 miseria
431 3081 490 3138 nati
519 3101 635 3153 sumus,
660 3100 718 3139 non
750 3102 849 3159 quaero
872 3103 966 3154 nunc3
992 3085 1042 3140 scd

289 3188 389 3246 quaero
412 3182 509 3228 utrum
524 3173 554 3228 in
578 3173 716 3230 memoria
738 3173 773 3229 sit
793 3171 882 3230 ‘beata
902 3175 968 3230 vita.
985 3178 1043 3230 Ne-
