2316 4020
255 523 302 572 tat
436 519 461 566 S.
481 516 663 568 AUGUSTINI
681 513 825 564 tameat

249 625 334 682 diens
355 621 434 700 apud
455 617 674 695 Carthaginem,
696 628 726 673 et
747 615 844 674 rmadio
867 615 916 672 die
936 617 1014 692 cogi-

251 714 370 774 taretin
384 715 449 771 foro
463 710 543 788 quod
557 709 731 767 recitaturus
740 718 818 778 erat,
829 707 915 765 sicuti
930 727 1014 766 exer-

251 806 312 865 ceri
326 802 491 863 scholastici
502 801 606 871 solent,
617 795 711 856 sivisti
723 817 790 854 eum
802 796 1012 874 comprehendi
1054 843 1056 846 .

251 897 289 957 ab
303 896 438 956 aeditimis
454 894 510 951 fori
527 905 665 968 tanquam
682 891 786 947 iurem.
801 894 866 948 Non
884 887 1012 946 arbitror

251 989 337 1048 aliam
356 987 395 1046 ob
415 1004 532 1044 causam
554 995 582 1040 te
601 981 782 1060 permisisse,
804 984 883 1038 Deus
903 992 1011 1058 noster,

251 1080 307 1138 uisi
329 1091 362 1136 ut
388 1077 437 1135 ille
460 1075 507 1134 vir
528 1085 623 1131 tantus
649 1073 764 1129 futurus
785 1071 846 1148 jam
868 1069 1012 1146 inciperet

252 1171 374 1241 discere,
386 1185 474 1244 quam
486 1185 545 1222 non
557 1163 641 1221 facile
655 1163 686 1219 in
701 1159 904 1238 dignoscendis
917 1160 1011 1218 causis

252 1261 341 1317 lromo
364 1256 401 1315 ab
422 1255 540 1313 homine
560 1250 741 1310 damnandus
761 1263 835 1309 esset
859 1249 1013 1308 temeraria

250 1347 432 1409 credulitate.
448 1345 564 1420 Quippe
580 1353 646 1399 ante
661 1340 790 1404 tribunal
804 1337 1012 1399 deambulabat

252 1442 330 1498 solus
343 1459 409 1497 cum
421 1435 528 1494 tabulis
540 1453 574 1490 ac
588 1433 665 1504 stilo,
679 1451 746 1488 cum
761 1450 829 1488 ecce
843 1428 1011 1488 adolescens

253 1531 372 1610 quidam
391 1549 428 1587 ex
446 1545 569 1584 numero
587 1521 828 1581 scholasticorum
848 1521 895 1578 fur
913 1539 1011 1592 verns,

253 1621 378 1681 securim
396 1617 528 1676 clanculo
542 1625 710 1691 apportans,
730 1612 781 1668 illo
795 1631 854 1668 non
870 1610 1010 1668 sentiente

252 1715 396 1792 ingressus
414 1722 457 1768 est
476 1708 513 1766 ad
532 1705 675 1764 cancellos
698 1700 852 1780 plumbeos
872 1701 924 1776 qui
944 1701 1010 1759 vico

254 1804 416 1883 argentario
442 1799 568 1875 desuper
590 1793 775 1872 praeminent,
797 1802 827 1848 et
851 1787 1011 1866 praecidere

253 1894 406 1973 plumbum
417 1889 512 1966 eoepit.
523 1889 599 1945 sono
612 1894 707 1942 autem
716 1881 824 1939 securis
834 1878 935 1937 audito
944 1877 1012 1938 sub-

253 1989 510 2044 murmuraverunt
523 1971 678 2051 argentarii
692 1970 742 2048 qui
758 1968 859 2028 subter
874 1981 966 2043 eraut,
981 1982 1010 2026 et

253 2074 394 2133 miseruut
405 2069 456 2146 qui
471 2062 723 2144 apprehenderent
738 2080 826 2138 quem
838 2060 914 2117 sorte
926 2061 1010 2117 inve—

213 2191 215 2196 ·
253 2165 370 2222 cissent.
392 2164 523 2233 Quorum
548 2151 670 2211 vecibus
690 2150 808 2222 auditis,
833 2151 935 2208 relicto
960 2150 1008 2208 in-

252 2261 413 2314 strumento
439 2247 488 2304 ille
512 2242 655 2314 discessit,
687 2241 790 2298 timens
814 2259 851 2298 ne
879 2260 946 2298 cum
974 2260 1009 2298 eo

254 2353 409 2402 teneretur.
428 2334 550 2413 Alypius
570 2344 667 2390 autom
684 2331 735 2408 qui
752 2350 811 2387 non
829 2329 943 2388 viderat
962 2331 1008 2387 in·

253 2445 387 2503 tractem,
401 2439 555 2488 exeuntem
571 2424 668 2494 sensit,
682 2435 711 2481 et
724 2423 857 2481 celeriter
871 2421 945 2478 vidit
959 2419 1009 2480 ab·

253 2535 371 2582 euntem
383 2541 389 2577 :
403 2531 432 2578 et
447 2535 564 2576 eausam
580 2515 655 2575 scire
668 2513 789 2590 cupiens
805 2501 950 2589 ingressus
966 2523 1010 2569 est

253 2615 360 2683 locum,
377 2623 406 2669 et
418 2609 565 2666 inventam
584 2603 707 2661 securim
719 2614 797 2659 stans
813 2614 901 2678 atque
914 2600 1009 2674 admi-

253 2718 319 2763 ra'ns
335 2697 549 2774 considerabat,
560 2698 632 2754 Cum
647 2712 716 2751 ecee.
729 2692 775 2760 illi
792 2693 842 2767 qui
862 2690 942 2749 missi
957 2692 1008 2749 fu—

253 2807 345 2866 eraut,
364 2791 514 2870 reperiunt
525 2791 601 2844 'eum
613 2784 716 2841 'solum
737 2783 877 2839 serentem
898 2782 1009 2840 serrum

254 2882 337 2960 cujus
360 2881 457 2939 sonitu
478 2877 566 2936 exciti
587 2884 726 2931 venerant
749 2893 756 2928 z
780 2883 892 2942 tenent,
915 2882 1007 2929 attra—

254 2975 341 3045 hunt,
360 2969 540 3050 congregatis
558 2963 705 3042 inquilinis
720 2962 786 3033 lori,
805 2975 941 3039 tanquam
962 2963 1010 3020 su-

253 3083 317 3123 nem
329 3046 512 3120 manifestum
527 3075 557 3114 se
571 3041 1008 3132 eomprelrebdisse‘glorientur,

215 3141 222 3157 ⁹
256 3169 284 3213 et
296 3153 366 3212 inde
378 3147 546 3208 offerendus
559 3144 653 3222 judici
670 3143 842 3202 ducebatur.
921 3161 923 3166 ·

299 3245 344 3302 15.
356 3239 413 3302 Sed
423 3239 562 3297 hactenus
573 3235 721 3295 docerrdus
732 3235 797 3294 fuit.
810 3233 911 3295 Statim
922 3233 1008 3307 enim,
