2394 4010
337 521 588 580 comssmttum
605 527 699 580 LIBER
716 529 762 582 IX.
871 531 922 584 275
970 483 974 500 ⁸

171 627 242 686 nicae
254 627 370 684 famulae
382 640 438 685 tuae
449 635 472 698 ³,
488 648 554 686 cum
564 629 689 688 Patricio
703 631 848 708 quondam
863 635 925 710 ejus

172 717 310 795 conjuge,
331 736 386 795 per
399 719 523 794 queriun
546 737 661 777 caruem
679 720 866 780 introduxisti
879 741 926 781 me

172 810 202 866 in
215 808 290 866 hanc
302 807 406 878 vitam,
427 807 673 890 quemadmodum
691 813 798 871 nescio.
819 814 925 872 Memi-

172 897 267 957 neriut
285 917 352 956 cum
371 897 479 981 affectu
499 897 549 974 pio
570 912 725 976 parentum
745 922 876 960 meorum
896 905 928 962 iu

173 989 228 1047 hac
247 989 314 1046 luce
331 985 512 1060 transitoria,
533 1000 561 1045 et
579 988 701 1048 fratrum
722 979 927 1051 meorum'sub

174 1092 202 1138 te
220 1068 304 1158 patre
321 1079 354 1136 in
374 1089 468 1150 matre
482 1077 646 1150 catholiea,
670 1093 698 1142 et
718 1081 826 1140 civium
848 1101 927 1140 meo-

131 1188 133 1192 ’
174 1187 240 1226 rum
262 1168 293 1228 iu
313 1179 419 1226 aeterna
438 1167 614 1240 Jerusalem,
634 1169 682 1230 eui
702 1171 826 1250 suspirat
843 1191 930 1249 pere-

175 1256 298 1336 grinatio
311 1255 414 1335 populi
427 1255 471 1313 tui
484 1255 522 1313 ab
536 1256 616 1314 exitu
629 1274 721 1335 usque
735 1259 772 1317 ad
784 1260 930 1332 reditum

175 1359 208 1405 ut
228 1345 307 1423 quod
328 1365 346 1403 a
365 1364 412 1403 me
432 1345 485 1403 illa'
500 1347 635 1424 poposcit
653 1360 831 1422 extremum,
852 1348 931 1408 ube·

118 1479 122 1486 .
176 1437 237 1495 rius
249 1437 276 1504 ei
290 1447 444 1515 praestetur
456 1435 488 1494 in
501 1435 660 1494 multorum
672 1438 859 1512 orationibus,
876 1458 929 1517 per

178 1516 406 1597 confessiones&
424 1544 583 1603 quamper
594 1526 738 1587 orationes
751 1547 838 1586 meas.
877 1561 881 1570 =

213 1703 227 1729 ²
235 1693 328 1744 Imitari
337 1695 416 1744 risum
425 1701 462 1744 est
474 1699 581 1742 vetustos
591 1690 696 1752 eodiees,
711 1691 754 1756 qui
767 1705 822 1742 cum
838 1695 932 1758 gemina

166 1771 257 1823 ‘littera
272 1789 305 1821 nn
318 1772 464 1840 proferunt,
479 1769 601 1819 Mounicoe
617 1781 627 1818 r
643 1785 691 1836 quo
703 1777 774 1835 pacto
791 1769 863 1820 etiam
874 1763 949 1824 scri-i

180 1858 249 1918 ptum
258 1851 378 1918 reperitur
391 1851 417 1900 in
427 1848 548 1910 oratione,
559 1864 631 1917 quam
640 1848 776 1901 willelmus
786 1845 873 1909 abbas,
886 1848 932 1916 piis
945 1899 949 1914 ¹

179 1929 308 1996 Augustini
318 1929 380 1979 rotis
393 1928 574 1996 obtemperandi
587 1925 680 1988 studio,
691 1927 824 1994 composuit
838 1927 883 1977 sub
894 1926 933 1977 his

180 2007 259 2058 verbis
267 2024 275 2061 ι
283 2031 296 2052 α
307 2011 444 2072 Memento,
455 2007 573 2068 Domine,
586 2008 671 2059 anime
684 2007 767 2058 famuli
777 2007 813 2058 tui
825 2006 934 2066 Putrieii,

182 2109 195 2129 a
203 2095 228 2136 et
234 2086 384 2138 {amuletum
390 2086 527 2149 Monnioae3
540 2086 594 2136 etsi
605 2085 664 2152 qnid
674 2103 719 2154 pro
726 2085 807 2137 anima
817 2084 860 2134 lilii
872 2085 934 2152 ipso·

183 2189 196 2211 a·
205 2183 259 2217 rum
269 2166 360 2224 domini
369 2168 417 2220 mei
426 2167 568 2234 Augustini,
579 2165 727 2218 dilectissimi
738 2164 877 2218 confessoris
889 2163 934 2238 tui,

182 2271 196 2290 ι
206 2246 267 2298 mihi
285 2248 373 2299 misero
390 2247 511 2315 peecatori
527 2248 584 2298 lieet
599 2248 636 2298 rel
649 2246 736 2300 intimo
753 2245 832 2297 cordis
847 2245 935 2296 udentn

183 2349 196 2370 a
207 2325 344 2378 desiderare
358 2335 404 2380 etc.
415 2351 427 2372 n
439 2331 500 2391 Quo
510 2326 589 2378 oratio
603 2326 697 2394 integre
706 2324 810 2396 hebetur
822 2325 934 2378 'in-vue-

183 2420 237 2460 rum
248 2405 419 2460 indoctorum
435 2415 500 2458 tomo
516 2405 601 2475 primo.
