2384 4052
292 485 343 532 att
476 484 501 532 8.
521 483 702 564 suffusum
720 482 864 532 tristiori

290 601 381 660 super
398 583 506 642 animas
520 597 578 653 est,
594 585 642 642 eu'i
661 585 787 663 suspirat
804 585 901 640 animo
919 602 984 642 inea
1002 583 1055 650 die

290 695 324 732 ao
338 685 432 732 noete.
447 673 503 733 Sed
518 675 771 752 pulchrinrdinum
782 674 961 732 exteriorum
974 693 1053 752 ope-

290 775 402 825 ratores
421 777 449 822 et
469 775 634 823 sectatores.
644 763 854 822 inde.trahunt
866 762 1054 840 approbandi

290 852 426 924 modum,
435 873 493 910 uon
504 853 677 912 anteminde
684 853 803 912 trahunt
811 852 912 910 utendi
920 852 1051 912 modum.

290 948 327 1002 Er
337 941 381 1001 ibi
394 956 450 1014 est,
463 956 492 1001 et
503 963 560 1001 non
572 945 673 1003 vident
687 963 769 1015 eum,
783 956 886 1002 utnon
903 955 971 1000 eant
983 943 1052 1000 lon·-

290 1037 368 1112 gius,
382 1048 412 1093 et
433 1035 630 1092 fortitudinem
649 1053 730 1092 soem
748 1034 785 1092 ad
806 1046 835 1092 te
853 1034 1018 1092 custodiant
1030 1046 1053 1106 ¹,

290 1145 344 1184 nec
357 1145 421 1184 eam
431 1137 568 1202 spargant
577 1125 609 1182 in
623 1125 773 1207 deliciosos
786 1124 976 1184 lassitudines.
988 1128 1053 1202 Ego

291 1227 387 1274 entem
401 1216 464 1273 haec
476 1216 698 1292 loquensatque
711 1215 878 1285 discernens
889 1215 976 1272 etiarn
988 1214 1054 1272 istis

291 1295 422 1383 pulihm's
441 1325 570 1384 gressum
591 1307 721 1377 innecto;
739 1306 792 1364 sed
807 1319 839 1364 tu
857 1305 970 1377 evellis,
985 1309 1051 1364 Do-

291 1395 378 1468 mine,
390 1397 490 1454 evellis
502 1398 701 1474 tu‚‚quoniam
715 1395 916 1456 misericordia
925 1408 975 1460 tua
983 1408 1052 1454 ante

291 1487 392 1546 oeulos
406 1507 486 1547 meos
506 1497 549 1546 est
562 1480 582 1544 ²]
602 1493 675 1546 Nam
692 1499 721 1546 et
742 1507 795 1564 ego
813 1487 914 1564 capior
929 1486 1055 1544 misera-

204 1623 207 1626 .
278 1576 399 1649 'biliter‚
418 1591 448 1638 et
467 1591 499 1636 tu
518 1579 616 1637 evellis
635 1575 1052 1652 misericorditer3·eliqttnndo

291 1685 349 1725 non
372 1667 555 1741 sentientem,
582 1670 651 1752 quia
680 1667 847 1745 suspensius
873 1665 1052 1738 incideram,

292 1759 448 1835 aliquando
465 1779 532 1818 cum
545 1759 659 1830 dolore,
672 1759 740 1836 quie
750 1758 812 1836 jam
828 1757 1009 1816 inleoeserem.

523 1937 657 1998 (lAPUT
676 1937 809 2000 XXXV.

311 2103 345 2150 Ut
356 2116 382 2149 se
394 2099 468 2152 hebet
478 2101 510 2150 ed
522 2100 654 2150 seeundum
668 2070 907 2170 tentationisgenus,
920 2101 984 2168 quod
997 2111 1034 2154 est

529 2191 542 2214 ·
564 2233 568 2240 ἢ
595 2183 748 2241 euriositntis.

333 2329 381 2408 54.
396 2331 461 2388 Huc
480 2329 593 2389 accedit
611 2331 667 2390 alia
684 2333 779 2393 formo
799 2333 964 2392 tentationis
979 2337 1052 2392 mul-

294 2417 422 2497 tiplicius
442 2419 614 2498 periculosa.
636 2428 743 2484 Praeter
762 2446 825 2484 eam
843 2416 919 2484 enim
943 2435 1055 2485 concuss

292 2507 464 2586 piscentiam
488 2510 597 2582 earnis,
622 2531 687 2588 quae
711 2513 785 2570 inest
807 2505 836 2570 in
857 2511 1056 2572 delectatione¹

292 2599 422 2659 omnium
444 2621 580 2660 sensuum
601 2615 629 2661 et
645 2604 842 2681 voluptatum,
862 2593 910 2662 cui
924 2603 1052 2662 servien-

293 2703 335 2749 tes
354 2689 516 2768 depereunt
534 2693 584 2768 qui
603 2691 688 2768 longe
707 2713 738 2750 se
757 2694 867 2751 socium
883 2713 898 2752 a
917 2705 954 2764 te,
975 2693 1051 2752 inest

292 2781 395 2840 animae
422 2803 474 2865 per
497 2781 614 2862 eosdem
636 2803 736 2841 sensus
762 2785 893 2864 corporis
916 2785 1048 2863 quaedam

292 2890 351 2928 nou
366 2891 396 2928 se
406 2864 575 2930 obleetandi
591 2873 621 2929 in
636 2893 732 2943 corne,
745 2873 795 2930 sed
811 2875 982 2952 experiendi
996 2894 1049 2952 per

293 2979 408 3036 earnem
425 2969 500 3044 vomi
512 2955 548 3019 ‘el
562 2963 678 3020 'curiosa
695 2963 849 3046 cupiditas,
866 2962 983 3024 nomine
998 2986 1049 3024 co-

293 3048 428 3126 gnitionis
445 3040 473 3109 el
488 3048 615 3110 scientiae
631 3053 758 3130 palliata.
775 3056 846 3130 Quae
864 3057 1001 3134 quoniam
1019 3057 1048 3114 in

330 3215 339 3240 ¹
351 3207 414 3256 Psal.
424 3224 493 3268 nvm,
507 3181 598 3257 10.“-·
608 3217 618 3246 ¹
628 3207 690 3260 urat.
703 3217 804 3270 ximo&¹
818 3215 821 3221 ’
833 3214 839 3222 “
