2384 4052
266 431 317 480 aaa
450 431 475 478 s.
494 429 678 480 aooosrnu
692 414 837 482 moon

267 530 404 599 haeream,
419 528 469 586 sed
480 540 512 585 ut
522 547 637 605 surgam
649 547 715 584 cum
726 528 803 584 volo.
812 531 946 584 Attamen
957 547 1025 586 cum

267 618 336 696 ipsis
357 617 504 676 sententiis
521 617 628 695 quihus
648 617 765 688 vivunt,
784 631 818 675 ut
837 618 1026 676 admittantur

268 710 304 766 ad
325 729 386 781 me,
401 722 535 786 quaerunt
552 711 583 766 in
599 709 687 768 corde
708 729 773 767 meo
793 709 959 767 nonnullius
977 709 1026 768 di-

267 799 383 876 gnitatis
396 799 508 871 locum,
521 811 549 858 et
562 801 613 858 vix
624 799 666 857 eis
675 798 794 876 praebeo
809 811 1026 875 congruentem.

267 889 432 966 Aliquando
451 891 527 968 enim
547 891 613 966 plus
635 889 706 947 mihi
728 889 830 948 videor
851 889 969 946 honoris
985 890 1027 948 eis

268 977 397 1039 tribuere
416 998 504 1056 quam
526 977 625 1052 decet,
639 977 710 1036 dum
729 977 800 1056 ipsis
816 977 921 1036 sanctis
941 977 1027 1036 dictis

267 1067 430 1146 religiosius
453 1082 482 1126 et
501 1067 649 1154 ardentius
671 1069 764 1127 sentio
784 1069 895 1126 moveri
917 1068 1028 1128 animos

268 1170 381 1217 nostros
397 1159 431 1221 iu¹
439 1161 585 1220 flammam
595 1161 722 1239 pietatis,
736 1181 803 1218 cum
815 1159 855 1218 ita
865 1173 1029 1233 cantantur,

254 1261 356 1327 ¹quam
370 1251 394 1310 si
411 1273 468 1312 non
484 1253 524 1311 ita
539 1265 738 1323 cantarentur3
752 1265 781 1312 et
794 1272 894 1322 omnes
906 1253 1030 1312 aflectus

269 1342 386 1422 spiritus
402 1343 494 1401 nostri
507 1364 563 1424 pro
574 1345 619 1402 sui
634 1341 823 1424 diversitate*
838 1341 948 1400 habere
961 1363 1031 1422 pro-

269 1433 348 1510 prios
362 1434 464 1492 modos
482 1436 514 1497 in
528 1456 600 1494 voce
614 1447 702 1512 atque
717 1445 819 1506 cantu,
834 1453 959 1510 quorum
974 1455 1029 1491 ne-

269 1521 329 1578 seio
350 1543 408 1598 qua
429 1525 545 1582 occulta
563 1521 758 1582 familiaritate
780 1522 951 1598 excitentur.
972 1522 1029 1582 Sed

269 1609 423 1670 delectatio
436 1610 531 1672 cainis
545 1633 627 1686 meae,
640 1612 687 1670 cui
699 1624 823 1670 mentem
835 1599 1034 1686 enervdndam

269 1720 327 1758 non
338 1713 455 1779 oportet
468 1703 545 1776 dari,
559 1721 671 1780 saepe
647 1721 693 1759 me
705 1701 790 1772 fallit,
806 1700 876 1759 dum
888 1699 1029 1768 rationem

269 1808 368 1848 sensus
382 1811 440 1848 non
453 1792 493 1850 ita
503 1791 672 1869 comitatur
677 1803 710 1849 ut
723 1789 874 1868 patienter⁴
883 1791 920 1848 sit
931 1801 1032 1866 poste·

270 1880 343 1952 rior;
361 1882 412 1949 sed
428 1895 544 1952 tantum
554 1883 624 1961 quia
635 1894 756 1962 propter
767 1881 848 1941 illam
861 1881 967 1939 meruit
982 1866 1032 1938 ad·
1043 1949 1047 1956 ι

271 1969 360 2044 mitti,
374 1972 460 2036 etiam
474 1967 656 2053 praecurrere
671 1993 705 2032 ac
722 1969 830 2030 ducere
841 1982 971 2030 conatur.
987 1973 1031 2028 Ita

269 2063 301 2117 in
314 2062 359 2118 his
370 2083 461 2139 pecco
472 2085 531 2122 uon
545 2063 683 2138 sentiens,
695 2063 745 2122 sed
760 2075 862 2141 postea
872 2061 973 2120 sentio.

312 2152 359 2208 50.
381 2153 546 2229 Aliquando
556 2166 663 2220 autem
684 2153 785 2212 hanc
775 2173 867 2230 ipsam
888 2151 1030 2210 fallaciam

271 2241 490 2300 immoderatius
512 2263 630 2315 cavens,
653 2265 720 2302 erro
740 2244 830 2302 nimia
850 2242 1030 2301 severitate:

272 2329 322 2387 sed
337 2331 422 2388 valde
441 2331 602 2404 interdum,
617 2347 650 2391 ut
669 2333 759 2392 melos
774 2350 859 2390 omne
874 2305 1033 2390 cautilena-

272 2439 338 2477 rum
359 2417 501 2482 suavium
526 2423 634 2506 quibus
659 2424 833 2484 Davidicum
859 2423 1031 2482 Psalterium

273 2509 482 2585 frequentatur,
495 2513 533 2572 ab
548 2514 669 2576 auribus
683 2514 755 2572 meis
769 2513 914 2572 removeri
928 2513 1031 2584 velim,

273 2611 360 2678 atque
380 2604 471 2682 ipsius
491 2606 641 2678 Ecclesiam,
659 2602 1033 2684 tutiusque·milri1videtur

273 2692 353 2768 quod
368 2694 404 2752 de
417 2696 623 2766 Alexandrino
631 2689 770 2774 episcopd
783 2694 941 2762 Athanasio
955 2712 1032 2771 saepe

273 2783 345 2842 mihi
356 2785 465 2852 dictum
477 2788 675 2859 commemini,
691 2788 742 2864 qui
755 2799 814 2848 tam
824 2785 940 2845 modico
953 2785 1031 2844 flexu
1102 2829 1105 2833 -

274 2873 352 2959 vocis
372 2877 497 2938 faciebat
507 2899 610 2943 sonare
625 2880 764 2941 lectorem
777 2876 897 2952 psalmi,
911 2887 945 2937 ut
958 2893 1030 2953 pro-

273 2965 417 3026 nuntianti
429 2970 551 3036 vicinior
569 2982 645 3028 esset
657 2989 745 3046 quam
764 2967 888 3026 canenti.
905 2972 1031 3029 verum-
1086 3019 1092 3022 .

275 3066 384 3128 tamen,
405 3078 471 3116 cum
494 3059 665 3117 reminiscor
687 3059 830 3134 lacrymas
849 3077 940 3128 meas,
959 3075 1031 3133 quas

273 3143 338 3203 tadi
350 3147 386 3204 ad
400 3161 501 3208 cantus
511 3149 647 3208 Ecclesiae
660 3162 716 3206 tuae
728 3149 758 3206 in
769 3147 939 3226 primordiis
951 3165 1031 3204 recu-
