2354 4034
269 421 320 472 45⁴
455 420 479 470 S.
498 421 678 472 AUGUSTINI
696 423 839 472 remcort

268 523 433 584 nedictione
449 537 514 594 tua,
524 529 617 595 Deus,
629 523 680 603 qui
695 525 860 584 consolatus
872 543 902 582 es
914 523 1035 585 fastidia

268 635 403 676 sensuum
418 617 598 688 mortalium,
611 628 645 673 ut
658 616 688 672 in
702 616 866 694 cognitione
880 615 969 674 animi
983 636 1033 676 res

267 726 326 764 una
339 707 438 766 multis
449 707 544 766 modis
558 727 612 786 per
624 707 756 786 corporis
770 708 912 766 motiones
925 707 1034 785 figure-

268 811 315 856 tur
327 810 415 876 atque
428 795 551 858 dicatur.
566 803 658 876 Aquae
673 798 876 877 produxerunt
887 799 961 874 haec;
977 800 1032 858 sed

267 889 297 946 in
310 887 472 947 verbotuo.
488 890 675 950 Necessitates
687 890 879 948 alienatorum
892 887 929 947 ab
942 903 1033 949 aeter·

266 979 355 1038 nitate
382 981 512 1039 veritatis
539 993 600 1040 tute
622 970 800 1059 populorum
824 979 1032 1058 produxerunt

266 1071 340 1143 haec,
353 1071 445 1130 sedin
459 1073 618 1150 Evangelio
634 1085 699 1146 tuo;
707 1071 849 1149 quoniam
861 1071 932 1150 ipsae
947 1089 1033 1149 aquae

264 1161 320 1220 ista
342 1162 509 1240 ejecerunt,
535 1183 660 1240 quarum
685 1181 800 1221 amarus
823 1164 948 1241 languor
973 1163 1031 1221 fuit

266 1271 353 1311 causa
365 1266 398 1312 ut
415 1255 447 1312 in
468 1267 519 1312 tuo
533 1254 627 1313 verbo
649 1255 705 1313 ista
721 1253 924 1332 procederent.

305 1342 353 1402 28.
375 1349 412 1404 Et
432 1346 557 1423 pulchra
577 1358 644 1404 sunt
667 1346 766 1404 omnia
788 1345 911 1404 faciente
933 1359 977 1418 te,
999 1359 1030 1404 et

264 1455 333 1494 ecce
355 1448 386 1495 tu
411 1436 646 1496 inenarrabiliter
673 1436 828 1515 pulchrior
851 1437 904 1514 qui
933 1435 1029 1496 fecisti

264 1527 383 1586 omnia:
399 1549 416 1587 a
435 1549 494 1607 quo
512 1528 609 1587 sinon
627 1540 701 1588 esset
719 1526 947 1604 lapsusndam,
966 1548 1026 1587 non

264 1618 479 1679 diffunderetur
492 1641 529 1680 ex
546 1634 631 1679 utero
645 1618 708 1697 ejus
725 1621 841 1698 salsugo
858 1619 959 1691 maris,
976 1639 1028 1698 ge-

262 1727 317 1767 nus
327 1709 485 1768 humanum
498 1709 646 1787 profunde
656 1708 814 1781 curiosum,
825 1719 854 1766 et
864 1707 1027 1784 procellose

263 1801 421 1874 tumidum,
436 1814 466 1859 et
477 1800 652 1860 instabiliter
662 1799 801 1871 fluidum3
812 1811 900 1875 atque
913 1799 954 1856 ita
966 1819 1024 1857 non

262 1911 337 1968 opus
359 1904 434 1952 esset
452 1905 486 1950 ut
505 1891 638 1967 inaquis
659 1889 757 1948 multis
779 1875 972 1966 corporaliter
996 1902 1026 1946 et

262 1982 437 2042 sensibiliter
454 1993 646 2061 operarentur
666 1981 878 2057 dispensatores
897 1979 940 2038 tui
958 1999 1024 2056 my-

261 2073 333 2132 stica
348 2074 425 2131 lacta
440 2085 470 2130 et
484 2071 570 2130 dicta.
584 2070 631 2132 Sic
648 2070 725 2129 enim
738 2089 817 2128 nunc
832 2069 903 2128 mihi
917 2089 1024 2128 occur-

261 2176 363 2222 rerunt
378 2162 500 2239 ,reptilia
520 2172 549 2221 et
571 2162 715 2233 volatilia,
736 2159 844 2238 quibus
866 2159 972 2218 imbuti
995 2173 1024 2218 et

260 2253 366 2311 initiati
379 2253 512 2312 homines
530 2250 732 2332 corporalibus
747 2247 933 2310 sacramentis¹
949 2250 1021 2309 sub-

261 2343 331 2413 diti,
350 2360 409 2400 non
431 2344 509 2404 ultra
532 2344 738 2424 proficerent‚.
753 2341 808 2401 nisi
830 2341 1022 2420 spiritualiter

260 2433 421 2492 vivesceret
435 2437 530 2495 anima
548 2432 640 2512 gradu
654 2433 724 2505 alio,
739 2445 849 2511 etpost
864 2432 939 2492 initii
954 2449 1023 2490 ver-

259 2522 330 2581 bum
353 2524 680 2589 inconsummationem
703 2524 871 2603 respiceret.

514 2715 650 2777 CAPUT
670 2714 768 2777 XXL·

329 2893 357 2940 ln
369 2887 399 2950 il.
412 2896 444 2942 24
459 2908 466 2942 ι
481 2891 604 2943 Producat
616 2903 679 2942 terra
693 2893 797 2943 animam
809 2892 888 2942 uiuam
900 2899 946 2940 etc.

297 3058 345 3116 29.
360 3063 402 3116 Ac
418 3079 471 3137 per
486 3060 542 3120 hoc
555 3060 586 3118 in
601 3053 693 3120 verbo
709 3075 760 3120 tuo
774 3081 833 3119 non
850 3059 936 3118 maris
947 3077 1019 3137 pro·

257 3147 398 3230 funditas,
424 3148 475 3208 sed
499 3148 535 3208 ab
560 3170 701 3229 aquarum
726 3151 918 3210 amaritudine
939 3163 1017 3208 terra
