2356 4018
1 2389 4 2458 i

3 2577 4 2636 i

346 381 595 480 terremotum
613 402 707 455 mun
724 405 776 456 rx..
854 475 857 480 ¹
884 409 934 456 rea

454 567 588 630 CAPUT
600 555 650 630 X.

257 702 410 795 Colloquium
427 743 483 780 cum
501 737 578 781 matre
594 729 625 780 de
641 746 716 797 regno
734 732 857 796 cetorum.
884 767 886 772 ,

219 887 267 946 23.
281 886 468 965 impendente
487 900 584 946 autem
602 887 650 947 dic
665 907 724 966 quo
745 910 781 954 ex
801 892 856 952 hoc
875 895 936 952 vita

179 991 240 1036 erat
255 977 381 1048 euittua,
396 995 483 1054 quem
502 976 579 1035 diem
600 989 632 1036 tu
646 975 781 1054 noveras,
796 981 934 1060 ignoran-

180 1065 256 1124 tibus
273 1064 372 1138 nobis3
386 1073 576 1144 provenerat,
589 1079 622 1124 ut
642 1066 745 1144 credo,
759 1084 936 1150 procurante

180 1167 208 1213 te
221 1155 342 1214 occultis
360 1155 417 1214 tuis
435 1155 544 1228 modis,
559 1167 592 1213 ut
606 1175 659 1234 ego
678 1169 708 1218 et
725 1157 789 1240 ipsa
806 1160 859 1217 soli
874 1172 935 1218 sta-

179 1265 275 1304 remus
299 1243 499 1304 incumbentes
523 1244 561 1304 ad
583 1245 739 1322 quamdam
762 1248 935 1320 fenestram,

179 1335 256 1394 unde
279 1336 380 1394 hortus
400 1336 477 1393 intra
501 1335 620 1394 domum
646 1357 712 1416 quae
733 1356 786 1398 nos
802 1336 937 1396 habebat

178 1425 434 1508 prospectabatur,
449 1426 510 1483 illie
529 1425 608 1503 apud
626 1427 707 1489 ostia
721 1427 870 1499 Tiberina,
884 1426 937 1486 ubi

178 1517 282 1594 remoti
296 1535 314 1574 e
332 1513 425 1572 turbis
438 1526 505 1592 post
523 1515 602 1590 longi
614 1515 725 1576 itineris
738 1514 869 1575 laborem
887 1519 935 1574 in

179 1604 379 1664 staurabamus
399 1623 451 1662 nos
470 1603 647 1680 navigationi
666 1625 679 1662 r
697 1604 936 1682 colloquebamur

179 1689 248 1772 ergo
269 1696 322 1754 soli
340 1693 426 1752 valde
448 1692 588 1765 dulciter3
607 1704 637 1751 et
655 1695 804 1772 praeterita
827 1694 934 1753 oblivi*

178 1799 303 1859 scentes,
317 1787 347 1844 in
365 1804 400 1844 ea
417 1803 482 1862 quae
500 1795 567 1841 ante
580 1795 646 1840 sunt
659 1784 768 1842 extenti
783 1794 804 1855 ¹,
819 1803 934 1861 quaerc-

179 1875 280 1934 bamus
304 1877 378 1934 inter
398 1895 450 1934 nos
470 1873 548 1953 apud
570 1887 741 1953 praesentem
761 1875 934 1947 Veritatem,

164 1960 261 2050 ,squod-
270 1981 302 2026 tu
315 1959 369 2040 es‚i
374 1967 467 2046 qualis
481 1966 578 2025 firtura
590 1977 664 2024 essct
673 1966 734 2024 vita
746 1979 852 2025 aeterna
866 1985 935 2025 son-

179 2067 307 2128 etorum,
322 2077 409 2134 quam
422 2077 477 2116 nec
494 2057 596 2115 oculus
608 2056 695 2129 vidit,
707 2077 762 2115 nec
782 2058 860 2114 auris
880 2077 935 2115 au-

179 2146 264 2218 divit,
277 2167 329 2206 nec
343 2148 373 2220 in
392 2146 579 2205 cor-hominis
591 2147 720 2205 ascendit
734 2157 755 2204 ².
768 2147 824 2208 Sed
837 2147 933 2206 inhia*

178 2227 280 2296 bannus
294 2257 345 2295 ore
359 2235 454 2295 cordis
473 2237 504 2294 in
517 2255 643 2315 superna
653 2237 761 2301 fluenta
779 2238 865 2296 fontis
878 2240 934 2312 tui,

179 2328 265 2388 fontis
276 2330 343 2387 vitae
355 2329 406 2406 qui
421 2340 463 2386 est
474 2328 557 2406 apud¹
569 2341 597 2387 te
609 2329 636 2403 ³3
648 2341 682 2387 ut
693 2329 762 2389 inde
777 2349 832 2409 pro
847 2343 935 2409 captu

178 2432 277 2479 nostro
290 2421 414 2498 aspersi,
426 2439 546 2497 quoquo
559 2420 647 2480 modo
661 2441 723 2479 rem
737 2430 844 2482 tentam
857 2423 935 2498 cogi-

179 2525 314 2571 taremus
510 2517 515 2525 '
745 2525 750 2530 ’

197 2621 205 2636 “
219 2601 266 2660 24.
279 2605 408 2678 Cumque
421 2601 464 2659 ad'
476 2621 542 2660 eum
556 2603 642 2660 finem
656 2619 749 2659 sermo
761 2603 935 2679 perducere-

181 2681 249 2764 tur,¹
259 2706 293 2752 ut
309 2677 473 2751 carnalium·
488 2711 623 2752 sensuum
640 2691 791 2751 delectatio
808 2704 933 2768 quanta-

180 2782 264 2854 libet,
282 2784 313 2841 in
330 2782 509 2864 quantalibet
524 2785 589 2842 luce
610 2801 766 2862 corporea,
780 2799 841 2860 prae
858 2781 934 2842 illius

180 2873 247 2931 vitre
265 2872 462 2950 jucunditate,
485 2893 544 2932 non
570 2865 802 2952 comparatione,
824 2871 874 2930 sed
898 2891 935 2929 ne

180 2966 454 3024 commemoratione
466 2964 584 3044 quidem
601 2964 690 3042 digna
700 2964 863 3036 videretur3
878 2965 934 3023 eri—

217 3143 227 3168 ¹
237 3131 342 3202 Philipp.
352 3149 394 3196 m,
406 3136 482 3185 13.-
492 3140 503 3168 ²
515 3135 527 3182 1
538 3133 593 3184 Cor.
601 3147 633 3192 n,
643 3109 704 3184 9.ss
716 3103 882 3194 wantum,
894 3133 933 3180 10.
