2356 4018
299 476 353 527 ’ΣΗ
484 477 508 524 8.
527 474 864 524 Auensrlrtr·nrrscor1

300 573 406 645 ducit,
418 587 446 632 et
462 574 752 651 quaesadrheatmm
771 575 895 635 reducit.
921 579 976 636 Sed
995 600 1057 640 non

300 663 423 732 credunt
436 664 494 738 nisi
512 663 619 732 bonam
634 665 767 741 essequa
781 665 890 722 iturad
901 685 960 724 eos.
976 670 1056 744 Quid

298 753 323 811 si
338 759 407 829 ergo'
427 753 726 833 qnisquam.nostrnm
740 753 893 828 deliberet,
902 769 938 813 fet
955 777 1054 816 secum

299 839 504 911 altercantibus
540 841 654 900 duabus
684 837 882 901 'voluntatibus
914 845 1054 919 fluctuet,

299 943 398 988 utrum
411 930 447 1010 ad
460 930 605 1010 theatrum
617 942 731 1008 pergat,
743 951 780 988 an
791 931 828 988 ad
840 917 992 1010 ecclesiani
1004 956 1055 994 no-

297 1024 404 1104 stram?
417 1008 514 1079 nonne
527 1034 555 1079 et
572 1021 620 1079 isti
632 1021 707 1104 quid·
718 1023 913 1100 respondeant
926 1026 1053 1085 fluctua-

296 1111 388 1190 bunt?
396 1115 460 1170 *Aut
472 1112 549 1169 enim
560 1105 738 1184 fatebuntur,
749 1113 829 1188 quod
844 1115 959 1190 nolunt,
974 1115 1053 1189 bona

296 1203 445 1259 voluntate
458 1201 540 1279 pergi
553 1201 585 1257 in
598 1200 749 1266 ecclesiam
769 1201 911 1273 nostram,
927 1204 1003 1263 sicut
1020 1205 1052 1264 i'n

297 1311 360 1349 eam
372 1289 496 1371 pergunt
509 1291 561 1368 qui
577 1291 764 1348 sacramentis
784 1287 847 1368 ejns
859 1292 966 1371 imbuti
984 1311 1053 1355 sunt

297 1378 384 1458 atque
404 1374 570 1438 detinentur
584 1387 657 1450 iant
674 1381 858 1446 duasmalas
870 1382 1003 1457 naturas,
1024 1386 1053 1445 et

296 1470 368 1528 duas
388 1471 476 1528 malas
491 1483 609 1540 ,mentes
627 1471 658 1532 in
679 1490 738 1528 uno
757 1471 876 1529 homine
895 1475 1052 1552 confligere

295 1559 455 1638 putabunt;
477 1571 506 1616 et
523 1579 582 1616 non
606 1559 660 1620 erit
679 1562 783 1618 verum'
799 1560 880 1636 quod
895 1563 987 1619 s'olent
1000 1562 1050 1623 di-

252 1689 254 1693 ·
296 1671 371 1723 cere,
383 1651 470 1708 unam
482 1649 589 1707 bonam
601 1661 630 1707 et
641 1650 761 1708 alteram
775 1651 879 1728 malam
894 1672 900 1706 :
916 1664 966 1709 aut
980 1671 1051 1710 con-

294 1743 444 1799 vertentur
468 1739 506 1797 ad
529 1758 647 1815 rerum,
664 1752 696 1796 et
715 1759 774 1796 non
790 1739 959 1816 negabunt,
982 1763 1048 1801 cum

294 1829 592 1909 quisquedeliberat,
606 1830 732 1903 animam
752 1849 839 1887 unam
854 1819 979 1904 dirersis¹
991 1833 1047 1890 vc-

294 1921 455 1981 luntatibus
469 1921 598 1984 aestuare:
631 1917 665 1946 ‘²
925 1917 930 1924 ’

301 2011 304 2017 ’
334 2010 382 2068 24.
404 2016 467 2072 Jam
483 2031 551 2088 ergo
565 2031 624 2068 non
638 2011 749 2084 dicant,
770 2031 836 2069 cum
855 2012 927 2070 duas
939 2001 1046 2071 volnu-

292 2113 364 2160 tates
384 2101 416 2158 in
430 2103 552 2159 homine
572 2121 632 2158 uno
655 2101 802 2159 adversari
814 2100 880 2159 sihi
902 2103 1046 2175 sentiunt,

293 2190 364 2250 duas
386 2191 544 2248 contrarias
555 2203 675 2248 mentes
688 2191 737 2249 ¹de
748 2189 873 2248 duabus
887 2192 1047 2262 [contrariis

292 2279 508 2343 substantiiseet
530 2279 566 2360 de
586 2278 701 2336 duobus
720 2279 872 2337 contrariis
892 2280 1046 2358 principiis

293 2370 477 2442 contendere,
490 2363 577 2429 unam
587 2369 704 2442 bonam,
719 2372 836 2429 alteram
847 2372 960 2428 malam.
972 2375 1044 2430 Nam
1115 2421 1118 2428 .

291 2473 337 2531 tu,
353 2464 432 2518 Deus
447 2480 550 2530 verax,
564 2459 712 2538 improbas
726 2480 787 2531 eos,
800 2471 828 2517 et
841 2459 991 2536 redarguis
1005 2473 1045 2518 at·
1101 2499 1104 2504 -

288 2569 347 2627 que
368 2549 516 2607 convincis
534 2569 597 2619 eos,
618 2549 694 2627 sicut
708 2550 877 2625 inutraque
892 2551 967 2607 mala
987 2569 1043 2608 vo-

288 2643 414 2713 luntate,
421 2661 487 2699 curn
499 2641 625 2717 quisque
635 2630 777 2698 deliberat
787 2637 886 2697 utrum
896 2639 1043 2714 hominem

289 2750 402 2790 veneno
415 2731 561 2790 interimat
572 2749 609 2788 an
623 2729 715 2800 ferr0;
727 2742 826 2802 utrum
839 2723 961 2786 fundirm
972 2721 1045 2802 'alie'-

289 2837 360 2878 num
370 2821 465 2891 ill'um,
475 2813 602 2879 anilium
613 2818 745 2890 invadat,
756 2818 873 2896 quando
886 2831 1043 2896 utrumque

290 2927 349 2966 non
362 2921 470 2986 potest;
479 2922 577 2970 utrum
589 2919 665 2968 emat
672 2909 850 2985 voluptatem
862 2907 993 2982 luxuria,
1005 2925 1043 2966 an

287 2997 444 3074 pecuniam
465 3010 561 3056 servet
582 2997 720 3068 avaritie3
742 3008 841 3054 utrum
867 2994 905 3052 ad
931 2995 1042 3054 circum

287 3097 403 3163 pergat,
422 3106 459 3168 ap
479 3087 516 3144 ad
533 3087 692 3156 theatrum,
709 3085 733 3143 si
749 3105 809 3142 uno
823 3084 872 3152 die
886 3097 1043 3161 utrumqne

287 3173 473 3245 exhiheatur;
487 3175 563 3233 addo
576 3177 662 3238 etiam
681 3174 812 3247 tertium,
828 3193 865 3232 an
879 3173 916 3231 ad
932 3173 1041 3232 furtum
