2326 4020
232 487 264 534 54
416 486 441 533 S.
460 484 640 532 AUGUSTINI
657 484 799 534 EPISCOPI

228 584 360 644 caritati:
373 581 427 640 tibi
438 583 514 640 enirn
526 583 599 660 quid
609 583 776 642 insolitum?
790 583 862 660 qnid
880 602 986 661 repen-

227 675 340 733 tinum?
354 673 484 750 estquis
503 681 562 730 ate
577 686 693 750 separat
711 673 792 750 quod
808 673 923 752 diligis?
936 686 987 732 aut

228 765 289 838 ubi,
305 764 361 822 nisi
373 763 454 841 apud
470 775 513 834 te,
527 763 610 820 firma
626 763 784 822 securitas?
797 762 924 821 Tristitia
938 782 987 820 re-

227 856 283 914 bus
301 855 411 913 amissis
431 852 626 926 contabescit,
644 853 751 930 quibus
768 873 799 912 se
819 853 988 912 oblectabat

228 944 387 1024 cupiditas3
405 944 474 1022 quia
486 944 527 1001 ita
540 941 597 1001 sibi
609 943 710 1013 nollet,
721 943 797 1001 sicut
810 942 864 1000 tibi
878 943 988 1000 auferri

192 1043 198 1055 ‘
228 1037 300 1094 nihil
316 1046 421 1113 potest.
460 1087 462 1094 ,
634 1047 637 1052 '

231 1133 236 1142 '
270 1125 314 1183 14.
334 1129 379 1184 Ita
397 1123 558 1182 fornicatur
574 1121 678 1195 anima,
693 1142 761 1180 curn
775 1123 918 1180 avertitur
935 1123 987 1180 abs

228 1230 265 1287 te,
285 1229 315 1275 et
331 1215 435 1292 quaerit
451 1221 533 1272 extra
551 1225 579 1271 te
596 1232 641 1285 ea,
656 1233 721 1290 quae
738 1233 814 1291 pura
830 1213 988 1290 et'liquida

228 1325 286 1364 non
300 1305 420 1376 invenit,
437 1303 494 1361 nisi
511 1323 578 1361 cnm
595 1303 672 1366 redit
693 1303 729 1361 ad
747 1316 784 1360 te.
804 1307 942 1361 Perverse
958 1316 987 1361 te

231 1395 383 1452 imitantur
399 1413 498 1451 omnes
517 1393 568 1468 qui
586 1393 671 1470 longe
687 1412 716 1450 se
734 1412 752 1450 a
770 1405 798 1450 te
818 1392 941 1462 faciunt,
955 1405 988 1464 et

229 1483 373 1541 extollunt
388 1501 419 1540 se
432 1481 587 1539 adversum
602 1493 638 1538 te.
654 1480 711 1539 Sed
726 1481 813 1538 etiam
827 1481 867 1540 sic
882 1493 910 1538 te
923 1481 988 1539 imi-

230 1573 319 1630 tando
330 1572 461 1631 indicant
473 1584 634 1630 creatorem
647 1583 675 1629 te
686 1591 748 1630 esse
759 1571 851 1629 omnis
861 1583 987 1642 natnrae;

230 1674 259 1718 et
267 1661 335 1720 ideo
346 1681 404 1720 non
419 1677 481 1720 esse
495 1681 554 1738 quo
572 1659 633 1741 alte
645 1661 813 1720 omnimodo
823 1660 987 1719 recedatur.

230 1751 308 1825 Quid
325 1771 394 1829 ergo
411 1752 441 1808 in
460 1752 512 1810 illo
532 1754 610 1810 furto
629 1759 683 1831 'ego
702 1753 812 1810 dilexi?
831 1764 860 1810 et
878 1751 910 1808 in
927 1771 987 1828 quo

228 1841 387 1899 Dominum
411 1861 509 1900 meum
535 1841 581 1899 vel
606 1842 710 1900 vitiose
736 1853 823 1920 atque
848 1859 986 1918 perverse

229 1930 358 1989 imitatus
380 1927 468 1989 sum?
487 1936 533 1989 An
553 1931 639 1990 libuit
660 1933 755 1990 facere
775 1942 877 1990 contra
892 1931 987 2008 legem

230 2021 330 2077 saltem
353 2020 477 2091 fallacia,
498 2019 567 2096 quia
586 2033 740 2097 potentatu
763 2040 822 2080 non
844 2032 987 2098 poteram,

230 2121 263 2166 ut
288 2127 419 2179 mancam
444 2108 608 2168 libertatem
633 2111 766 2189 captivus
788 2108 919 2170 imitarer
941 2109 987 2166 la-

231 2199 334 2255 ciendo
358 2199 478 2274 impune
503 2198 583 2276 quod
608 2218 667 2256 non
690 2200 808 2271 liceret,
833 2197 987 2258 tenebrosa

230 2288 445 2364 omnipotentiae
466 2288 673 2348 similitudine?
693 2293 769 2348 Ecce
790 2301 835 2348 est
855 2288 906 2345 ille
924 2306 988 2346 ser-

229 2395 283 2432 vus
295 2376 407 2453 fugiens
418 2376 576 2434 Dominum
590 2397 685 2449 suum,
699 2389 729 2434 et
740 2389 913 2436 consecutus
925 2395 988 2433 um-

230 2462 323 2522 bram.
340 2467 365 2522 0
382 2465 518 2542 putredo,
533 2486 552 2523 o
571 2478 732 2524 monstrum
750 2467 828 2538 vitae,
843 2479 874 2524 et
887 2465 988 2524 mortis

228 2553 425 2628 profunditas!
440 2557 575 2614 Potuitne
589 2556 682 2614 libere
698 2556 778 2632 quod
795 2576 853 2614 non
871 2555 986 2626 licebat,

229 2661 287 2700 non
299 2643 339 2701 ob
352 2645 442 2717 aliud,
456 2645 512 2704 nisi
529 2646 597 2722 quia
611 2667 670 2705 non
684 2646 808 2706 licebat?

490 2816 624 2878 CAPUT
645 2817 719 2880 VII.

229 2959 325 3008 Gratias
338 2959 388 3026 agit
403 2965 456 3010 Deo
470 2978 515 3028 pro
532 2963 672 3013 remissione
690 2972 856 3030 peccaterum,
873 2963 987 3029 quodque

457 3045 479 3092 a‘
492 3044 574 3094 multis
592 3054 699 3095 servatus
715 3045 755 3096 sit.
800 3103 812 3126 1

271 3179 316 3237 15.
336 3183 414 3256 Quid
437 3183 597 3244 retribuam
619 3187 756 3262 Domino,
779 3186 860 3265 quod
883 3185 988 3246 recolit
