2352 4094
321 387 573 442 CONFESSIONUM
590 390 686 442 LIBER
702 393 748 442 XI.
864 399 911 446 381

153 487 230 546 bene
254 488 382 566 cogitare
406 489 479 567 quid
503 490 614 563 dicant,
638 491 821 560 etsinvenite
845 493 915 572 quia

155 599 214 639 non
239 579 356 653 dicitur,
374 585 548 659 Nunquam,
569 581 623 641 ubi
641 602 700 640 non
721 595 765 642 est
786 596 911 664 tempus.

155 669 268 746 Quod*
291 690 360 749 ergo
381 669 499 744 dicitur,
525 692 676 749 nunquam
697 673 817 747 fecisse,
840 675 912 753 quid

155 759 234 819 aliud
256 759 363 819 dicitur
386 762 441 820 nisi
460 763 540 820 nullo
566 775 697 840 tempore
719 763 844 823 fecisse?
861 765 913 826 Vi-

154 850 242 912 deant
263 851 361 930 itaque
383 855 496 912 nullum
521 866 635 931 tempus
659 873 721 913 esse
743 875 829 933 posse
850 857 911 918 sine

155 955 301 1015 creatura,
325 955 355 1002 et
376 943 516 1017 desinant*
530 947 616 1004 istam
639 947 797 1006 vanitatem
817 947 908 1026 loqui.

153 1033 352 1092 Extendantur
364 1035 453 1109 ctiam
464 1037 500 1094 in
514 1055 548 1094 ea
562 1055 627 1114 quae
642 1049 708 1096 ante
724 1051 800 1111 sunt,
816 1051 845 1096 et
859 1039 907 1098 in-

153 1123 283 1202 telligant
297 1136 325 1182 te
338 1137 403 1184 ante
416 1127 514 1184 omnia
528 1129 661 1204 tempora
673 1140 814 1187 aeternum
828 1149 910 1188 crea-

154 1225 246 1273 torem
260 1215 390 1273 0mnium
405 1227 581 1294 temporum,
595 1237 691 1295 neque
705 1216 764 1276 ulla
777 1229 910 1296 tempora

154 1299 207 1359 tibi
222 1321 284 1361 esse
300 1315 452 1376 coaeterna,
465 1324 520 1363 nec
534 1306 623 1366 ullam
638 1319 810 1382 creaturam,
821 1306 908 1366 etiam

152 1391 175 1448 si
192 1402 235 1450 est
249 1393 346 1470 aliqua
359 1413 447 1472 supra
461 1404 603 1474 tempora.

361 1630 363 1636 .
390 1545 524 1650 carun
544 1536 662 1651 xuxl.
697 1681 701 1688 Ι

220 1771 352 1838 Quomodo
359 1765 484 1842 ‘cognoscit'
492 1779 570 1836 Deus,
585 1773 704 1842 quomodo
715 1781 834 1824 creatura.

189 1941 237 2001 41.
254 1945 380 2004 Domine
396 1951 475 2004 Deus
490 1953 596 2017 meus,'
608 1944 673 2022 quis
691 1943 741 2001 ille
760 1941 839 2001 sinus
862 1954 905 2002 est

147 2033 198 2092 alti
216 2037 320 2095 secreti
336 2038 393 2109 tui,
410 2049 439 2095 et
455 2057 543 2115 quum
560 2033 646 2115 longe
659 2028 728 2092 inde
746 2051 792 2090 mc
807 2030 903 2111 proje-

148 2137 250 2182 cerunt
262 2127 468 2204 consequentia
479 2125 653 2184 delictorum
667 2122 817 2181 meorum?
828 2121 903 2180 Sana

147 2215 247 2274 oculos
258 2237 352 2290 meos,
366 2225 399 2278 et'
409 2216 606 2296 congaudeam
620 2214 680 2274 luci
694 2225 761 2271 tnae.
779 2214 863 2270 Certe
877 2211 903 2270 si

146 2317 190 2364 est
207 2317 266 2365 tam
285 2308 388 2386 grandi
405 2309 523 2367 scientia
540 2319 570 2365 et
589 2304 770 2385 praescientia
789 2304 901 2382 pollens

145 2396 268 2470 animus,
282 2400 330 2457 cui
344 2411 449 2458 cuncta
463 2398 610 2477 praeterita
624 2409 653 2465 et
666 2396 766 2454 sutura
777 2394 818 2454 ita
832 2406 902 2453 nota

145 2486 218 2558 sint,
240 2475 316 2546 sicut
332 2489 404 2546 mihi
422 2510 514 2548 unum
535 2489 681 2548 canticum
702 2487 900 2558 notissimum3

145 2575 268 2635 nimium
289 2577 431 2636 mirabilis
454 2591 498 2635 est
519 2579 631 2638 animus
655 2577 726 2647 iste,
753 2585 840 2652 atque
863 2574 901 2633 ad

146 2665 298 2725 horrorem
320 2664 479 2745 stupendus
504 2689 512 2724 ε
537 2661 646 2744 quippe
669 2679 757 2742 quern
779 2664 819 2720 ita
841 2682 901 2722 non

146 2757 235 2816 lateat
256 2759 401 2838 quidquid
422 2770 591 2838 peractum,
614 2769 643 2816 ct
664 2754 807 2833 quidquid
830 2757 900 2815 reli-

145 2865 237 2924 quum
253 2851 424 2909 saeculorum
441 2862 500 2921 est3
516 2846 763 2926 quemadmodum
779 2865 826 2904 me
839 2866 900 2906 uon
924 2873 927 2920 χ

143 2934 216 2995 latet
234 2952 397 2998 cantantem
414 2939 488 3000 illud
503 2937 659 3011 canticum,
674 2937 746 3017 quid
761 2950 791 2996 et
804 2945 899 3016 quan-

144 3039 206 3086 tum
224 3027 286 3107 ejus
300 3030 406 3088 abierit
419 3029 456 3090 ab
474 3029 610 3103 exordio,
623 3029 695 3108 quid
714 3041 744 3088 et
756 3039 898 3107 quantum

144 3131 233 3180 restet
248 3121 285 3180 ad
299 3122 395 3188 finem.
413 3122 469 3184 Sed
490 3121 566 3182 absit
581 3132 614 3182 ut
633 3133 666 3181 tu
682 3120 817 3181 conditor
829 3117 897 3176 uni-
