2316 4020
277 527 325 573 {48
463 528 487 574 S.
509 523 696 602 AUGUSTlNl'
705 523 846 574 urlscom

553 683 687 746 CAPUT
708 685 748 746 V.

291 856 328 902 De
342 868 465 904 sacrorum
479 851 607 902 Librorum
618 852 760 902 auctoritate
773 861 798 902 et
809 855 946 905 necessario
961 873 1015 906 usu.

314 1011 341 1066 7.
359 1013 402 1066 Ex
418 1009 476 1066 hoc
488 1019 585 1065 tamen
595 1025 713 1084 quoque
722 1008 784 1084 jam
797 1027 971 1085 praeponens
983 1011 1036 1068 do·

274 1101 397 1159 ctrinam
418 1085 600 1169 catholicam,
615 1095 773 1156 modestius
794 1096 838 1155 ibi
855 1098 1035 1176 minimeque

274 1189 415 1247 fallaciter
433 1184 592 1245 sentiebam
603 1183 703 1263 juberi
717 1199 751 1244 nt
766 1187 935 1246 crederetur
951 1191 1035 1266 quod

273 1300 332 1338 non
352 1276 605 1336 demonstrabatur
629 1274 710 1354 (sive
727 1287 801 1334 esset
817 1276 899 1353 quid,
918 1278 970 1336 sed
984 1280 1035 1350 cui

273 1372 348 1428 forte
370 1389 429 1428 non
448 1379 535 1440 esset;
551 1365 613 1426 sive
633 1387 687 1426 nec
699 1367 772 1446 quid
794 1369 920 1447 essetst),
945 1362 1034 1448 quam

273 1461 333 1519 illic
347 1459 499 1518 temeraria
512 1458 721 1536 pollicitatione
736 1458 861 1517 scientiae
875 1459 1036 1519 credulita-

273 1564 332 1609 tem
344 1549 476 1621 irrideri;
491 1561 521 1606 et
530 1561 633 1626 postea
647 1561 706 1606 tam
719 1549 810 1606 multa
820 1547 1034 1608 fabulosissima

274 1655 302 1699 et
312 1639 529 1711 absurdissima,
539 1637 608 1716 quia
617 1638 808 1698 demonstrari
818 1659 877 1698 non
888 1653 1033 1718 poterant,

274 1730 420 1790 credenda
440 1729 590 1808 imperari.
615 1729 727 1787 Deinde
749 1729 889 1806 paulatim
910 1743 952 1801 tu,
974 1735 1036 1787 Do-

274 1821 363 1893 mine,
377 1839 465 1878 mauu
477 1818 626 1878 mitissima
641 1830 670 1876 et
681 1818 950 1878 misericordissima
964 1840 1033 1897 per—

274 1925 399 1970 tractans
414 1923 444 1968 et
455 1929 631 1987 componens
646 1928 819 1982 cormeum,
836 1909 1033 1969 consideranti

274 2021 361 2079 quam
377 1998 599 2059 innumerabilia
618 1997 770 2058 crederem
792 2019 857 2076 quae
870 2020 928 2058 non
949 2000 1034 2058 vide-

274 2095 362 2164 rem*‚
379 2110 475 2169 neque
489 2109 556 2148 cum
572 2102 742 2168 gererentur
761 2090 933 2165 adfuissem3
958 2092 1034 2150 sicut

274 2197 333 2240 tam
354 2182 445 2239 multa
462 2181 493 2237 in
509 2179 632 2238 histo'ria
647 2181 786 2258 gentium,
808 2195 866 2240 tam
887 2182 979 2241 multa
995 2182 1033 2240 de

273 2270 344 2327 locis
369 2282 457 2346 atque
476 2267 601 2328 urbibus
625 2289 690 2347 quae
722 2291 780 2329 non
805 2271 946 2345 videram,
973 2286 1032 2332 tam

273 2360 365 2421 multa
392 2359 501 2432 amicis,
521 2372 581 2418 tam
605 2361 697 2420 multa
716 2361 845 2433 medicis,
870 2376 927 2420 tam
941 2365 1032 2424 multa

273 2449 442 2508 hominibus
454 2450 517 2509 aliis
536 2462 625 2528 atque
638 2451 716 2523 aliis;
728 2471 793 2529 quae
806 2453 862 2511 nisi
875 2453 1033 2512 crederen-

273 2553 333 2611 tur,
353 2541 472 2599 omnino
494 2540 525 2598 in
540 2540 596 2598 hac
618 2541 678 2599 vita
693 2539 766 2599 nihil
787 2561 939 2619 ageremus
946 2565 954 2614 ;
978 2563 1033 2622 po-

273 2641 391 2703 stremo,
403 2647 491 2708 quam
505 2629 676 2688 inconcusse
689 2631 781 2688 fixum
796 2630 854 2690 lide
866 2633 1032 2704 retinerem,

274 2719 311 2778 de
327 2719 434 2798 quibus
450 2719 620 2799 parentibus
634 2732 716 2800 ortus
736 2739 838 2792 essem,
860 2720 940 2797 quod
956 2723 1032 2780 scire

273 2828 332 2866 non
350 2828 476 2887 possem,
492 2809 548 2867 nisi
569 2807 715 2866 audiendo
736 2808 944 2868 credidissem:
959 2829 1030 2888 per·

261 2899 387 2957 ‘suasisti
408 2899 491 2970 mihi,'
510 2919 568 2958 non
594 2899 644 2977 qui
672 2898 826 2957 crederent
848 2898 944 2957 Libris
964 2900 1031 2973 tuis,

273 2991 347 3068 ¹quos
360 3002 440 3048 tanta
452 2991 482 3047 in
494 2988 629 3048 omnibns
639 2990 699 3048 lere
714 2988 849 3068 gentibus
859 2990 1031 3050 auctoritate

274 3079 417 3151 sundasti;
431 3079 483 3137 sed
506 3079 558 3156 qui
581 3098 641 3158 non
661 3079 814 3138 crederent
834 3099 895 3138 csse
909 3081 1048 3158 culpan--

309 3255 321 3280 ²
337 3245 487 3312 Subintellig.
497 3243 565 3314 quod
573 3243 782 3296 demorabuntur.
795 3247 837 3312 (N.
850 3249 888 3310 b)
