2384 4052
345 417 594 467 GONFESSIONUM
611 420 706 466 LIBER
723 421 757 466 X.
877 425 925 470 ³05

168 531 229 596 quc
247 517 322 575 euim
344 535 506 574 amaremus
527 535 588 574 eam
609 517 663 574 nisi
684 535 840 575 nossemus.
864 521 926 576 Au-

169 607 267 665 dimus
292 626 398 664 nomen
420 604 494 676 hoc,
507 618 535 662 et
557 625 618 663 rem
638 608 731 683 ipsam
749 624 847 664 omnes
874 626 926 664 nos

169 708 307 775 appetere
321 696 459 765 fatemur3
473 715 531 752 non
549 696 625 755 enim
647 715 717 754 sono
738 695 923 754 delectamur.

168 790 242 844 Nam
262 785 319 842 hoc
341 804 407 841 cum
428 783 515 842 latine
528 783 610 842 audit
624 785 829 857 Graecus,non
847 785 926 844 dele-

170 885 273 946 ctatur,
285 874 354 950 quia
366 873 480 950 ignorat
492 872 563 950 quid
577 873 687 931 dictum
699 874 751 946 sit3
762 893 815 932 nos
828 886 925 932 autem

169 962 362 1033 delectamur,
381 962 455 1019 sicut
474 961 560 1025 etiam
579 962 629 1020 ille
645 963 669 1020 si
684 981 778 1039 graece
793 963 851 1020 hoc
869 982 937 1036 au—,

170 1051 256 1111 dierit
270 1073 278 1109 ε
293 1053 429 1130 quoniam
449 1072 494 1110 res
508 1053 571 1130 ipsa
591 1073 644 1111 nec
656 1073 752 1131 graeca
766 1073 819 1112 nec
836 1054 924 1114 latina

169 1156 227 1216 est,
240 1143 287 1200 cui
306 1143 498 1221 adipiscendae
518 1145 613 1203 Graeci
626 1145 778 1222 Latinique
797 1145 923 1217 inhiant,

169 1241 396 1310 caeterarumque
422 1233 586 1311 linguarum
616 1233 756 1314 homines.
782 1239 856 1294 Nota
881 1249 924 1293 est

167 1323 255 1400 igitur
264 1323 408 1395 omnibus,
420 1325 471 1401 qui
483 1345 540 1382 una
552 1344 626 1383 voce
639 1326 663 1384 si
672 1326 843 1404 interrogari
855 1345 923 1404 pos-

167 1423 246 1482 sent,
259 1410 448 1477 utrum,beati
462 1432 523 1470 esse
536 1414 642 1471 vellent
648 1458 659 1485 ,
680 1415 741 1473 sine
759 1415 817 1473 ulla
832 1413 921 1472 dubi-

167 1502 285 1573 tatione,
302 1502 377 1559 velle
401 1502 617 1580 responderent.
635 1503 719 1577 Quod
744 1523 801 1560 non
827 1505 920 1574 fieret,

167 1592 222 1648 nisi
236 1611 281 1650 res
294 1593 358 1670 ipsa
372 1591 454 1667 cujus
473 1592 529 1650 hoc
543 1612 648 1650 nomeu
667 1605 723 1665 est,
738 1612 838 1651 eorum
865 1613 922 1650 me-

167 1681 260 1738 moria
285 1692 437 1740 teneretur.

391 1873 393 1876 -
420 1833 553 1897 CAPUT
574 1831 658 1897 XXI.

253 1985 380 2049 Quomodo
390 1985 505 2034 memoria
518 1985 612 2036 beatam
627 1985 700 2036 vitam
713 1986 828 2036 continet.

204 2136 252 2194 30.
274 2133 423 2210 Numquid
446 2135 485 2193 ita
510 2149 541 2193 ut
564 2135 695 2194 meminit
718 2135 915 2213 Carthaginem

163 2228 214 2304 qui
232 2225 327 2284 vidit?
339 2228 403 2281 Non
418 2245 424 2278 ε
440 2225 500 2283 vita
521 2226 596 2284 enim
617 2223 703 2284 beata
720 2244 778 2282 uon
803 2223 917 2284 videtur
998 2261 1001 2266 ·

162 2318 262 2387 oculis,
270 2317 410 2392 quianon
424 2327 466 2372 est
479 2335 595 2394 corpus.
612 2313 761 2393 Numquid
773 2315 848 2373 sicut
858 2335 917 2373 me·

163 2406 296 2464 minimus
316 2407 568 2465 numeroslNon:
586 2405 640 2463 hos
661 2406 739 2463 enim
759 2404 810 2482 qui
828 2403 916 2462 habet

161 2497 191 2553 iu
210 2496 324 2565 notitia,
346 2515 403 2552 non
424 2494 519 2553 adhuc
542 2496 646 2572 quaerit
666 2494 804 2572 adipisci3
825 2495 913 2552 vitam

161 2604 233 2656 vero
246 2583 360 2642 beatam
373 2582 513 2641 habemus
526 2587 556 2642 in
567 2585 684 2656 notitia,
699 2584 824 2664 ideoque
837 2603 915 2642 ama-

163 2692 227 2731 mus
241 2694 319 2746 eam,
335 2687 362 2731 et
380 2686 476 2730 tamen
494 2674 589 2732 adhuc
601 2675 723 2752 adipisci
741 2695 804 2734 eam
829 2677 913 2733 volu-

162 2781 227 2819 mus
238 2775 271 2818 ut
285 2763 362 2821 beati
375 2764 472 2822 simus.
487 2762 635 2837 Numquid
649 2763 723 2820 sicut
734 2763 914 2823 meminimus

164 2850 372 2926 eloquentiam?
386 2857 451 2909 Non
466 2873 472 2907 z
487 2853 619 2928 quamvis
641 2853 717 2909 enim
730 2852 786 2911 hoc
800 2856 915 2913 nomine

164 2936 265 2998 audito
284 2943 470 3001 recordentur
486 2944 578 3019 ipsam
598 2960 659 2999 rem
675 2944 726 3020 qui
740 2944 825 3003 etiam
839 2964 913 3002 uon-

165 3029 234 3088 dum
254 3043 319 3088 sunt
341 3034 519 3110 eloquentes,
536 3032 677 3110 multique
694 3053 755 3092 essc
781 3036 914 3112 cupiant,

97 3129 100 3135 '
165 3119 242 3181 unde
256 3135 375 3201 apparet
389 3142 451 3182 eam
466 3143 526 3182 esse
537 3124 567 3181 in
578 3143 677 3184 corum
690 3125 805 3197 notitia3
819 3137 914 3184 tamen

758 3229 790 3275 26
