2326 4020
257 500 289 544 ol
441 497 465 544 S.
484 495 843 545 aueusamremscort-

254 596 382 654 sionibus
403 590 475 672 quas'
492 593 637 654 faciebant
661 598 816 652 Eversores
837 593 906 674 (hoc
931 597 1012 662 enim

254 705 359 744 nomen
375 683 522 743 scaevum*
539 697 568 742 et
587 681 775 758 diabolicum,
797 685 878 742 velut
900 685 1012 764 insigne

254 773 426 833 urbanitatis
447 773 527 852 est),
546 773 621 830 inter
644 792 717 850 quos
738 772 873 832 vivebam
896 776 1011 853 pudore

254 863 430 942 impudenti,
450 864 519 940 quia
542 863 682 920 talis'non
703 857 783 922 eram
802 885 809 920 ε
832 878 946 923 etcum
967 869 1009 926 eis

253 972 346 1024 eram,
360 965 388 1012 et
399 952 530 1010 amicitiis
544 969 646 1010 eorum
660 953 826 1012 delectabar
839 955 1009 1032 aliquando,

254 1061 271 1097 a
292 1061 417 1118 quorum
433 1060 548 1118 semper
564 1040 645 1099 facb's
662 1041 873 1115 abhorrebam,
891 1044 947 1102 boc
966 1059 1010 1104 est

253 1131 290 1188 ab
303 1129 514 1201 eversionibus,
526 1129 632 1207 quibus
644 1143 781 1209 proterve
794 1133 1010 1206 insectabantur

251 1223 418 1300 ignotorum
431 1285 434 1292 ⁴
446 1220 667 1293 verecundiam,
693 1242 780 1299 quam
804 1223 1010 1301 perturbarent

253 1310 341 1389 gratis
352 1309 502 1368 illudendo
513 1322 599 1386 atque
615 1310 683 1369 inde
695 1311 841 1387 pascendo
854 1313 1008 1372 malevolas

253 1401 365 1460 laetitias
379 1420 452 1459 suas.
467 1399 545 1458 Nihil
560 1412 603 1458 est
616 1400 668 1458 illo
682 1413 748 1460 actu
762 1401 881 1461 similius
895 1403 1008 1464 actibus

254 1490 472 1548 daemoniorum.
491 1487 681 1567 Quiditaque
698 1491 796 1550 verius
812 1511 898 1568 quam
920 1513 1008 1551 ever-

254 1601 332 1640 sores
343 1581 537 1656 vocarentur?
546 1581 647 1640 Eversi
657 1582 742 1660 plane
757 1583 838 1660 prius
851 1581 907 1660 ipsi
920 1596 1008 1661 atque

253 1673 397 1751 perversi,
410 1669 610 1730 deridentibus
624 1691 673 1730 eos
687 1684 717 1730 et
728 1671 934 1731 seducentibus
953 1673 1010 1732 fat-

253 1763 364 1822 lacibus
380 1763 495 1822 occulte
508 1761 673 1840 spiritibus,
687 1763 719 1821 in
730 1783 765 1822 eo
779 1764 843 1841 ipso
862 1783 921 1840 quo
936 1766 1008 1824 alios

253 1852 376 1911 irridere
394 1866 491 1912 amant
510 1867 540 1915 et
559 1853 668 1926 fallere.
689 1917 692 1926 Δ
747 1917 750 1922 ⁴

521 1986 657 2077 maur
678 2015 734 2080 rv.

272 2169 414 2220 Hortensius
442 2168 564 2221 ciceronis
590 2168 705 2220 excitavit
725 2169 794 2219 illum
819 2140 850 2220 ad
874 2171 985 2243 ardorem

546 2248 711 2317 philosophie.

292 2391 319 2448 7.
338 2395 419 2449 Inter
436 2389 494 2450 hos
512 2371 580 2470 ego,
600 2390 746 2450 imbecilla
764 2403 832 2448 tuuc
855 2404 939 2451 aetate
958 2393 1004 2450 di-

252 2480 367 2541 scebam
387 2480 478 2541 libros
495 2481 682 2559 eloquentiae,
695 2482 797 2559 inqua
813 2482 939 2541 eminere
956 2503 1004 2541 cu-
1030 2491 1033 2494 '

250 2571 367 2649 piebam
388 2572 444 2631 line
462 2571 621 2631 damnabili
641 2585 670 2631 et
690 2585 810 2631 ventoso
829 2592 883 2650 per
900 2571 1004 2650 gaudia

250 2663 385 2720 vanitatis
405 2662 552 2736 humanae3
568 2674 598 2720 et
615 2661 721 2736 usitato
733 2654 795 2739 jam
810 2661 939 2720 discendi
955 2681 1003 2719 or-

251 2747 1003 2829 dineperveneraminlibrumlquemdamcujusdam
1099 2761 1102 2766 '

187 2879 199 2896 .
250 2839 412 2911 Ciceronis,
432 2839 515 2918 cujus
536 2840 665 2920 linguam
682 2840 743 2898 fere
768 2859 867 2899 omnes
891 2839 1002 2918 miran—

250 2942 306 3002 tur,
318 2943 420 3007 pectus
436 2950 495 2989 non
505 2929 559 3006 ita.¹
566 2929 622 2987 Sed
636 2928 711 2987 liber
725 2931 774 2988 ille
788 2930 879 3008 ipsius
893 2929 1003 2987 exhor-

249 3019 386 3077 tationem
402 3020 531 3078 contiuet
544 3019 581 3078 ad
596 3019 824 3097 philosophiam,
839 3031 868 3092 et
881 3029 1004 3096 vocatur

248 3109 427 3170 Hortensius.
450 3112 504 3168 Ille
524 3128 596 3168 vero
619 3109 695 3168 liber
717 3109 840 3168 mutavit
864 3109 1003 3168 affectum

247 3219 355 3273 meum,
369 3215 398 3260 et
412 3201 449 3260 ad
461 3201 600 3278 teipsum,
613 3199 749 3272 Domine,
762 3201 884 3276 mutavit
900 3219 1003 3278 preces
