2394 4010
364 415 617 496 oonru'ssmuuu
633 447 729 496 nmen
745 448 791 496 rx.
900 454 949 499 271

199 557 306 604 etatem
316 538 414 622 ⁴pellat
435 565 471 604 ex
492 545 597 603 animo.
611 549 685 605 Ecce
699 559 729 604 et
742 547 799 606 boc
813 549 964 609 confiteor·

200 634 406 694 misericordiae
415 647 484 706 tuae,
495 639 580 702 Pater
590 625 803 711 orphanorum,
815 638 951 713 quoniam

199 725 273 798 lavi,
288 738 317 784 et
330 725 394 784 talis
411 743 498 783 eram
511 725 604 802 qualis
622 726 793 804 prinsquam
808 727 949 787 lavissem.
979 770 988 781 .

199 821 300 893 Neque
312 816 389 874 enim
410 814 562 873 exsudavit
578 816 616 874 de
630 816 719 874 corde
738 835 803 876 meo
821 821 951 878 moeroris

200 907 373 967 amaritudo.
386 906 499 965 Deinde
513 904 639 965 dormivi
652 919 682 965 et
695 908 844 984 evigilavi,
858 922 886 968 et
894 929 952 968 non

201 995 292 1074 parva
319 1015 356 1054 ex
383 1007 467 1075 parte
501 995 662 1072 mitigatum
695 997 793 1056 inveni
822 997 953 1060 dolorem

201 1093 312 1159 u'reum3
331 1098 419 1163 atque
433 1098 467 1142 ut
485 1103 564 1142 eram
575 1085 608 1142 in
622 1085 698 1144 lecto
716 1107 782 1156 meo
800 1088 891 1160 solus,
905 1106 953 1146 rc·

92 1173 94 1176 ’
164 1229 166 1232 .
192 1176 337 1234 'cordatus
357 1196 422 1235 sum
439 1173 584 1234 veridioos
602 1195 702 1236 versus
721 1176 866 1236 Ambrosii
888 1179 950 1235 tui:

201 1277 233 1323 tu
247 1286 277 1324 es
297 1267 373 1324 enim

394 1383 460 1430 Deus
473 1379 700 1442 creatoromnium,

363 1460 463 1526 Polique
474 1469 561 1520 rector,
568 1460 673 1512 vestiens

359 1541 431 1591 Diem
443 1539 533 1590 decoro
545 1541 649 1600 lumine,

360 1622 460 1672 Noctem
477 1616 584 1685 sopora*
596 1616 670 1684 potia
683 1633 690 1666 z

245 1722 250 1730 ·
338 1720 340 1728 ’
394 1707 470 1752 Artus
483 1701 571 1751 solutos
584 1709 611 1750 ut
624 1691 700 1766 quies

272 1781 276 1786 ’
361 1780 557 1833 Reddatlaboris
569 1781 636 1841 naui,

360 1867 505 1928 Montesque
515 1861 588 1912 fessas
600 1861 697 1920 allevet,

362 1946 499 2009 Luctusque
510 1942 587 1991 solvat
597 1940 689 1989 anxiost

245 2073 291 2129 33.
310 2077 406 2150 Atque
421 2071 490 2129 inde
501 2070 641 2149 paulatim
655 2070 831 2128 reducebam
840 2070 871 2128 in
887 2074 956 2148 pri-r

203 2165 310 2222 sunum
323 2181 438 2221 sensum
450 2159 582 2220 ancillam
595 2173 683 2232 mam,
694 2159 957 2220 conversationem*

204 2271 261 2329 que
272 2249 334 2328 ejus
345 2251 423 2327 piam
434 2250 465 2308 in
479 2240 521 2320 te,
538 2261 567 2308 et
580 2249 697 2314 sancte*
710 2250 741 2306 in
753 2268 805 2307 nos
817 2248 957 2308 blandam-

203 2354 291 2418 atque
308 2340 497 2416 morigeram,
519 2358 578 2416 qua
592 2339 689 2398 subito
705 2339 858 2398 destitutus
876 2361 955 2410 sum;

205 2443 235 2490 et
248 2429 335 2489 libuit
353 2428 423 2487 llere
443 2428 475 2486 in¹
492 2441 647 2506 conspectu
662 2441 712 2486 tuo
731 2429 768 2486 de
785 2430 834 2487 illa
851 2443 880 2488 et
901 2449 955 2506 pro

205 2521 267 2592 illa,
281 2520 318 2578 de
331 2539 378 2578 me
392 2531 421 2578 et
431 2539 486 2598 pro
498 2539 554 2578 me.
576 2523 612 2576 Et
623 2518 719 2577 dimisi
730 2519 872 2594 lacrymas
884 2537 956 2597 quas

206 2609 406 2680 continebam,
423 2622 471 2667 ut
496 2607 646 2667 effluerent
673 2619 812 2684 quantum
839 2608 959 2676 vellent,

206 2699 390 2759 substernens
401 2717 449 2757 eas
464 2699 545 2758 cordi
559 2717 635 2769 me03
649 2709 679 2756 et
689 2697 833 2773 requievit
843 2687 875 2753 iu
887 2697 957 2766 eis*‚
1046 2733 1051 2741 ·

203 2791 342 2866 quoniam
359 2789 402 2848 ibi
423 2801 504 2872 erant
519 2808 603 2849 aures
620 2800 692 2859 tuae,
710 2806 768 2844 non
786 2785 957 2868 cujusquam

206 2879 329 2938 hominis
337 2879 463 2958 superbe
471 2878 684 2958 interpretantis
693 2877 838 2956 ploratum
849 2895 955 2934 meum.

96 2986 100 2992 ’
131 3047 134 3052 Δ
204 2971 241 3024 Et
251 2988 343 3041 nuuc,
357 2971 493 3042 Domine,
511 2970 650 3028 confiteor
661 2967 714 3026 tibi
725 2966 878 3026 inlitteris.
898 2968 956 3022 Le·

203 3067 253 3133 gat
269 3058 320 3133 qui
341 3059 429 3130 volet,
450 3071 479 3116 et
496 3058 702 3136 interpretetur
721 3068 754 3115 ut
772 3055 867 3126 volet;
890 3065 919 3112 et
934 3051 958 3108 si

204 3159 355 3223 peccatum
374 3147 530 3219 invenerit,
552 3147 665 3208 flevisse
683 3165 731 3206 me
751 3157 872 3204 matrem
893 3141 958 3198 exi-
