2316 4020
209 463 255 509 so
406 457 430 504 s.
448 439 631 502 necessitati
645 443 789 494 sersaoni

222 575 321 618 tamen·
340 553 505 614 disnittebas
527 550 622 609 adhuc
646 545 725 604 volvi
746 553 777 600 et
795 539 907 598 involvi
929 537 979 596 itte
1056 577 1059 586 ,

224 649 353 728 caligine.
601 637 602 640 ¹

487 764 623 862 carun
642 769 717 830 nn.
729 827 734 836 ,

228 948 306 1011 Quale
325 959 465 1014 responsum
485 947 561 990 mater
585 932 715 1002 Augustini
738 930 830 998 accepit
847 946 861 980 a
877 922 982 993 quod'am

387 1025 500 1092 episeopo
520 1022 550 1072 de
568 1020 642 1088 ipsius
660 1014 823 1066 conversione.

271 1181 318 1237 21,
337 1184 373 1236 Et
391 1177 498 1235 dedisti
516 1175 639 1232 alteram
663 1179 834 1246 responsio]
851 1164 984 1235 interim,

233 1270 312 1348 quod
327 1269 434 1327 recolo.
450 1274 522 1327 Nam
540 1277 569 1322 et
581 1263 673 1321 multa
689 1271 847 1338 pretereo,
865 1267 987 1332 propter

234 1361 311 1438 quod
325 1377 454 1438 propero
466 1356 503 1414 ad
515 1375 549 1414 ea
559 1370 628 1432 quae
639 1370 685 1410 me
697 1351 788 1428 magis
801 1358 907 1424 urgent
918 1363 989 1403 con-

205 1486 208 1493 =
235 1451 307 1508 fiteri
328 1449 399 1520 tibi,
413 1460 445 1506 et
462 1446 552 1504 multa
569 1463 630 1501 non
644 1440 771 1498 memini.
788 1435 900 1496 Dedisti
917 1453 988 1510 crgo

236 1543 358 1600 alterum
371 1557 425 1616 per
443 1534 626 1600 sacerdotem,
637 1543 735 1602 tunna,
749 1525 905 1608 quemdam
924 1525 996 1601 epis*

237 1647 357 1707 scopum
380 1627 523 1685 nutritum
541 1625 571 1680 in
591 1621 735 1690 Ecclesia,
751 1629 781 1676 et
799 1615 988 1674 exercitatum

237 1722 267 1776 in
278 1717 374 1775 Libris
382 1716 446 1774 tuis
458 1719 551 1788 Quem
563 1730 630 1769 oum
641 1710 691 1766 illa
703 1706 808 1764 femina
819 1714 991 1780 rogassetut

240 1809 406 1886 dignaretur
416 1821 530 1862 mecum
542 1797 682 1875 colloqui,
695 1808 725 1852 ct
734 1793 866 1854 refellere
876 1809 990 1849 errores

239 1917 336 1969 meos,
355 1909 385 1954 et
400 1893 543 1952 dedocere
563 1907 608 1948 me
627 1888 718 1956 mala,
738 1897 772 1941 ao
794 1883 900 1939 docere
912 1880 991 1938 bona
1050 1875 1056 1879 ’

240 1988 252 2064 (
255 1988 379 2045 faciebas
391 1987 468 2042 enirn
482 1984 552 2052 hoe,
567 1979 591 2038 si
604 1997 677 2055 quos
689 1977 763 2034 forte
775 1973 895 2032 idoneos
908 1973 991 2030 inuo-

239 2076 358 2154 nisset);
374 2073 468 2130 noluit
485 2072 552 2142 ille,
571 2067 731 2146 prudenter
750 2081 831 2136 sane,
851 2073 991 2140 quantum

241 2166 316 2222 sensi
336 2173 443 2240 postea.
466 2153 629 2236 Respondit
647 2156 723 2214 enirn
743 2169 791 2212 me
805 2151 907 2212 ¹adhue
930 2167 991 2210 esse

240 2252 455 2322 indocilem,e0
468 2247 547 2326 quod
560 2247 676 2305 inilanus
690 2260 779 2302 essem
792 2244 921 2302 novitate
932 2241 993 2316 hae-

241 2343 310 2399 resis
322 2341 457 2411 illius,-et-
466 2337 611 2396 nonnullis
623 2335 837 2412 quaestiuneulis
846 2332 907 2410 jam
919 2333 994 2391 mulL

241 2444 286 2488 tos
296 2431 445 2508 imperitos
456 2429 656 2507 exagitassem,
668 2426 742 2484 sicut
753 2425 802 2482 illa
814 2423 995 2481 indicaverat

242 2523 277 2578 ei.
294 2515 309 2571 α’
320 2522 376 2579 Sed
389 2521 462 2592 sine,
474 2521 582 2597 inquit,
594 2519 676 2577 illum
688 2517 744 2588 ibi,
759 2528 787 2573 et
802 2527 912 2572 tantum
925 2533 996 2591 roga

243 2639 254 2662 n
269 2629 323 2688 pro
338 2627 376 2669 eo
385 2612 541 2669 Dominum
559 2633 565 2666 :
579 2611 641 2686 ipsc
654 2607 777 2685 legendo
791 2606 918 2682 reperiet
931 2607 995 2681 quis

243 2728 254 2750 »
266 2701 315 2756 ille
327 2701 363 2758 sit
374 2715 464 2772 error,
475 2710 621 2776 etquanta
632 2697 796 2774 impietas.»
808 2695 897 2753 Simul
908 2695 995 2752 etiam

242 2792 415 2849 narravisse
434 2791 551 2868 quoque
567 2789 722 2867 parvulum
737 2802 757 2844 a·
769 2786 887 2845 seducta
904 2798 996 2844 matre

243 2898 295 2936 sua
317 2879 416 2938 datum
441 2881 528 2938 fnisse
551 2875 729 2947 llanichaeis,
751 2889 780 2932 et
802 2893 900 2934 omnes
922 2893 997 2954 pene

243 2989 301 3027 uon
319 2971 420 3048 legisse
442 2982 570 3039 tautum,
589 2983 690 3024 verum
713 2964 805 3024 etiam»
822 2966 999 3043 scriptitasse

243 3059 334 3117 libros
349 3077 466 3132 eorum
484 3059 597 3137 sibique
622 3059 804 3134 apparuisse,
825 3058 907 3115 nullo
928 3075 999 3115 eon*-

245 3161 288 3206 tra
303 3149 468 3226 disputante
487 3163 517 3209 et
535 3150 738 3221 convincente,
755 3164 847 3226 quam
859 3160 933 3206 esset
949 3147 999 3204 illa
