2354 4034
499 465 611 514 INDEX.
882 469 931 514 529

408 599 520 654 LIBER
540 597 706 666 SEXTUS·

883 673 932 712 Pa.

175 741 237 792 Cur.
250 744 270 788 I.
284 735 432 802 Augustinus
448 752 494 785 nec
503 735 651 786 manicheus
665 750 709 785 nec
723 734 860 786 catholicus.
884 686 931 786 1359

178 823 210 869 II.
222 817 305 885 Epulo
317 826 342 866 et
357 817 454 884 synaxis
465 817 530 884 apud
543 817 652 884 sepulcra
667 825 807 884 martyrum.
885 821 929 868 141

177 904 223 950 111.
238 898 413 964 Occupatioues
423 890 452 946 ‘et
472 897 552 949 studia
561 897 692 948 Ambrosii.
885 902 931 948 113

177 985 221 1029 IV.
236 979 377 1030 Doctrinam
391 979 502 1029 Ecclesiae
515 979 645 1030 Ambrosio
656 979 814 1030 concionante
828 979 862 1029 iu·

215 1062 307 1128 telligit.
886 1067 931 1114 145

178 1149 208 1193 V.
220 1149 258 1194 De
267 1160 390 1196 sacrorum
400 1145 526 1195 Librorum
538 1143 679 1200 auctoritate
690 1150 715 1196 et
726 1143 862 1198 necessario

213 1242 267 1276 usu.
886 1228 933 1273 148

177 1311 223 1356 VI.
245 1311 282 1356 De
298 1306 392 1356 miseria
418 1305 613 1364 ambitiosorum,
628 1303 732 1356 adducto
751 1303 863 1371 exemplo

214 1371 317 1437 mendici
328 1387 438 1437 loetuntis.
630 1373 636 1380 ³
886 1387 934 1432 150

171 1473 235 1518 vu.
246 1468 360 1536 Alypium
372 1484 386 1517 u
401 1465 551 1518 Circensium
566 1465 659 1514 insania
672 1465 798 1514 convertit.
886 1466 932 1513 153

178 1552 247 1598 VIII.
261 1548 361 1616 Alypius
375 1546 468 1615 eapitur
488 1545 584 1594 insania
598 1545 711 1594 ludorum
726 1544 864 1610 gladiatori-

214 1645 297 1688 orum,
312 1646 327 1679 a
343 1628 431 1694 quibus
449 1635 520 1677 autea
536 1625 702 1675 abhorruerat.
886 1627 932 1672 156

177 1715 223 1761 IX.
233 1695 333 1779 Alypius
345 1720 372 1760 ut
383 1711 423 1759 fur
434 1708 638 1778 apprehenditur.
885 1709 931 1754 157

179 1795 212 1840 X.
222 1795 260 1840 De
269 1791 404 1856 integritate
414 1790 495 1857 Alypii
511 1799 536 1840 et
549 1790 654 1840 adventu
669 1785 790 1840 Nebridii.
839 1835 842 1842 .
883 1791 933 1835 160

178 1876 224 1922 XI.
243 1874 338 1922 Anxius
354 1871 504 1938 Augustinus
527 1870 557 1920 de
573 1868 723 1920 instituenda
739 1867 790 1918 vitu
804 1866 863 1914 deli-

213 1954 292 2004 berat.
884 1951 931 1996 162

178 2038 236 2084 ΧΠ.
251 2033 379 2085 contentio
391 2032 456 2082 inter
468 2032 592 2098 ¹Alypium
611 2040 637 2080 et
650 2029 812 2096 Augustinum
830 2027 860 2076 de

213 2112 367 2178 matrimonio
385 2122 410 2163 et
427 2111 544 2162 celibatu.
883 2112 930 2158 165

178 2199 247 2244 xm.
258 2197 328 2243 Uxor
337 2194 453 2258 quaeritur
461 2192 605 2258 Augustino.
884 2193 929 2239 167

178 2279 247 2326 xlv.
257 2272 475 2325 Deritacommuui
483 2270 859 2338 agendarumamicisdeliberat.
882 2275 929 2319 168

177 2359 274 2404 xv.1n
284 2356 363 2403 Ioerrm
376 2352 520 2403 discedentis
535 2351 675 2402 concubinae
684 2351 730 2402 alia
744 2351 858 2401 succedit.
882 2355 930 2400 169

177 2440 246 2485 xvl.
259 2434 345 2486 Mortis
359 2443 388 2492 vet
401 2433 488 2500 judicii
501 2441 593 2484 metum
607 2449 733 2500 nunquam
745 2431 862 2498 deposuit.
881 2435 930 2480 176

395 2579 507 2634 LIBER
526 2579 714 2634 SEPTIMUS.

177 2705 232 2752 Gir.
245 2707 265 2751 I.
285 2704 366 2750 Deum
381 2699 467 2765 rogitat
479 2709 594 2766 tanquam
607 2700 698 2766 aliquid
716 2711 864 2767 corporeum*
883 2743 885 2748 .

211 2799 255 2850 per
265 2781 358 2831 infinita
368 2781 443 2847 spatia
453 2781 574 2832 diffusum.
631 2819 633 2824 .
880 2783 928 2828 172

176 2868 207 2912 11.
214 2868 366 2920 Momentum
374 2859 557 2927 quoNebridius
564 2861 862 2914 conuururmiohoos:
878 2864 927 2912 175

175 2947 221 2991 III.
236 2942 350 2993 Liberum
360 2942 486 2993 arbitrium
497 2959 570 2993 causa
581 2943 680 3010 pocomi.
861 2976 871 2985 .»
880 2945 927 2990 176

176 3026 219 3071 Π.
238 3027 318 3072 Deum
330 3023 539 3090 incorruptibilem
551 3041 603 3076 esse
614 3034 735 3092 oportet...
878 3027 925 3074 175

174 3107 206 3152 V.
222 3103 314 3168 Quoerit
327 3103 413 3155 iterum
425 3105 489 3156 uude
499 3107 600 3166 mulum,
610 3115 635 3156 et
646 3121 699 3172 quoe
708 3106 779 3157 rodii
789 3106 849 3170 ejus.
878 3106 926 3153 176

175 3187 219 3234 vl.
235 3183 462 3237 Mathematicorum
474 3187 632 3238 divinationes
647 3187 732 3255 rejicit.
880 3189 924 3246 ¹8¹

792 3274 822 3320 45
