2354 4034
321 463 499 512 LECTIONES
518 463 714 510 vastamus.
841 466 892 512 sto

212 571 271 618 419.
282 565 405 616 existeret.
413 591 448 600 -
457 570 493 614 lta
505 567 595 614 Sonam.
603 570 660 614 Lov.
670 569 731 615 Aru.
745 565 810 614 Dub.
820 567 895 615 Mart.

172 662 227 696 cunr
241 651 344 710 quatuor
362 659 419 695 mss.
433 653 458 694 et
471 643 550 694 Rond.
571 661 626 694 oum
639 661 682 694 sex
702 661 758 696 mss.
774 649 805 694 ln
823 649 849 696 P.
869 650 896 696 Β.

173 726 281 774 existere.
296 722 313 783 †

208 809 268 854 420.
283 802 434 852 variationes.
445 829 478 840 -—
491 807 527 852 Ite
540 808 596 852 Lov.
609 803 657 852 Sed
668 803 709 871 alii
723 803 780 854 libri
795 804 853 854 editi
872 815 896 856 et

173 882 256 949 scripti
269 882 374 942 habent,
385 883 538 930 narrationes
544 899 555 938 ,·
564 891 665 948 excepto
678 899 723 933 ma
735 883 891 950 Benigniano

173 963 215 1030 qui
232 980 278 1030 pro
295 979 325 1014 ea
342 978 400 1014 rooe
411 961 548 1021 substituit,
565 963 680 1012 rationes.

207 1048 268 1093 422.
295 1052 401 1093 acutum.
420 1070 454 1078 —
468 1046 556 1091 Somtn.
577 1051 602 1090 et
620 1042 699 1092 Rond.
720 1033 775 1094 cuin
791 1052 894 1109 quatuor

171 1139 227 1174 mss.
237 1139 333 1174 necnon
344 1123 452 1188 quinque
465 1138 521 1172 mss.
533 1121 599 1172 citati
610 1123 675 1189 apud
691 1129 764 1174 Mart.
776 1125 811 1174 sie
823 1135 893 1173 acuto

173 1215 253 1254 cernat
269 1201 385 1262 animo.†
475 1253 486 1263 ,

207 1285 280 1351 prior.
289 1311 325 1322 -
333 1283 395 1334 Edd.
404 1284 548 1354 perficiendi
557 1284 668 1354 potentia
673 1285 759 1353 prior‚·
770 1283 892 1352 refragan-

171 1365 235 1416 tibus
253 1383 309 1416 mss.
321 1383 424 1431 quorum
435 1367 562 1417 lectionem
574 1365 748 1430 amplectimur.

206 1451 267 1498 423.
282 1446 388 1497 narrari.
398 1473 431 1484 -
442 1447 582 1512 Legendum
598 1445 699 1504 ridetur,
718 1446 809 1492 variari
820 1463 830 1497 .·
841 1447 891 1494 ruit

171 1527 235 1576 enim
252 1520 401 1592 Augustinus
420 1526 486 1590 quod
503 1527 565 1575 sieut
584 1541 656 1573 sonus
675 1522 768 1587 origine
780 1525 893 1589 presedit

171 1617 269 1658 cantum
278 1607 320 1674 qui
329 1623 361 1656 ex
372 1619 401 1656 eo
413 1605 542 1665 formatum
552 1605 586 1654 ita
594 1595 891 1672 niatoriaoelu'ttempore,

171 1687 195 1736 id
207 1697 243 1737 est
259 1686 350 1752 origine
362 1686 498 1753 praeoedere
510 1685 598 1744 debet,
612 1692 638 1732 nt
649 1681 740 1747 aliquid
756 1681 786 1730 de
798 1682 839 1732 itta
849 1700 892 1731 ara-

171 1767 228 1814 riari
236 1766 318 1834 pessit.

205 1845 364 1914 praecedatur.
375 1872 410 1881 —
421 1845 459 1894 Sic
479 1858 535 1892 mss.
552 1852 577 1892 et
593 1846 654 1891 Arn.
674 1844 708 1890 At
723 1839 781 1890 Bad.
801 1838 891 1900 habet,

168 1921 356 1994 praecedentum
369 1922 410 1972 atii
424 1922 480 1972 odd.
490 1919 641 1991 praecedunt.

206 2009 266 2055 425.
277 2002 402 2053 excelsiora
410 2029 444 2038 -
454 2003 566 2067 Plerique
575 1993 644 2059 editi,
656 1997 821 2063 excellentiam
834 2001 852 2060 †

206 2087 266 2133 426.
278 2080 404 2132 sufficient.
415 2107 449 2116 —
460 2084 548 2130 somm.
559 2083 620 2128 Arn.
635 2087 659 2127 et
671 2083 744 2128 Mart.
764 2094 819 2130 etun
835 2095 893 2145 qua-

169 2173 224 2214 tuor
237 2179 294 2214 mss.
305 2157 435 2228 sufficiant.
448 2158 465 2218 †

205 2247 266 2294 428.
288 2251 382 2292 natura.
399 2267 435 2276 -
452 2241 540 2289 Somm.
560 2245 586 2286 et
610 2236 718 2303 quinque
744 2255 801 2290 mss.
827 2241 892 2308 apud

170 2329 244 2376 Mart.
258 2319 395 2394 spirituales
408 2315 595 2390 corporalesque
603 2315 737 2376 naturoe.†

206 2407 266 2456 429.
291 2408 484 2469 promeruerant·
501 2425 537 2436 —
555 2401 645 2448 Somm.
674 2397 741 2448 Dub.
767 2403 840 2450 Mart.
866 2409 890 2450 et

170 2482 251 2532 Rond.
263 2497 319 2532 enm
330 2489 434 2546 quatuor
446 2495 503 2528 mss.
512 2488 701 2547 pmmemerum.
714 2476 731 2538 †

207 2564 266 2612 432.
283 2568 378 2610 nostre.
394 2586 429 2596 -—
440 2557 560 2622 Insignem
576 2557 670 2606 hunone
689 2557 770 2606 loonm
785 2557 892 2608 redinte-

169 2649 238 2706 grant
252 2655 308 2690 tnes-
326 2637 430 2692 Mtttiius
448 2635 537 2702 quippe
550 2635 577 2684 in
587 2633 682 2686 excursis
699 2643 762 2696 ent,
775 2635 891 2686 demtis

170 2720 323 2779 remisistis,
334 2717 458 2787 sapientiae
468 2726 563 2765 neura.

207 2802 265 2849 434.
287 2796 483 2863 emergimus.-—
496 2798 557 2845 Mas.
575 2809 625 2844 non
645 2792 739 2847 habeut
754 2792 800 2844 hoo
821 2795 888 2855 loeo,

172 2879 303 2946 mergimur
314 2887 339 2926 et
348 2873 628 2944 emergimus—Neque
636 2876 726 2924 Somm
737 2889 816 2940 neque
825 2875 889 2927 Flor,

171 2955 261 3006 hahent
275 2956 326 3006 heo
339 2955 448 3021 verba.†

205 3034 342 3102 spiritualis.
357 3061 392 3072 -
401 3040 438 3084 lte
456 3039 513 3084 mss.
532 3037 565 3097 At
580 3030 712 3091 editiones,
729 3041 830 3100 excepta
844 3037 891 3084 Ar-

171 3113 277 3177 midine,
289 3115 428 3184 praeierunt,
447 3109 590 3183 spirituales.
610 3116 667 3164 Non
682 3111 745 3164 bene
763 3128 770 3162 ε
789 3111 892 3162 intendit
