2354 4034
273 440 324 487 472
460 435 485 485 S.
503 429 685 492 luensrtttr
702 431 847 482 EPISCOPI

273 559 342 597 enm
366 535 421 596 tibi
442 538 617 616 placuerunt
624 557 633 608 ;
656 546 686 592 et
707 533 739 592 in
760 546 811 618 tua
836 533 945 594 visione
971 556 1035 596 non

272 627 372 687 inveni
395 641 545 707 tempora,
569 646 622 704 per
647 643 712 703 quae
733 625 925 704 intel-ligerem
952 627 1036 706 quod

177 713 181 725 ’
274 719 358 778 toties
378 718 487 778 videris
508 737 573 796 quae
594 715 698 788 fecisti,
716 727 745 774 et
762 715 879 776 dixi:0
898 718 1035 791 Domine,

273 829 369 868 nonne
387 810 441 868 ista
457 809 607 886 Scriptura
624 819 674 864 tua
686 823 756 864 vera
772 819 829 879 est,
846 807 985 884 quoniam
1002 821 1036 868 tu

273 919 364 958 verax
389 912 419 958 et
442 899 550 958 veritas
573 897 690 956 edidisti
714 899 798 955 eam?
824 899 882 956 Cur
906 911 1036 977 ergo-tu

274 989 348 1048 mihi
369 987 441 1047 dicis
463 1009 521 1047 non
544 1007 606 1046 esse
625 986 657 1045 in
681 999 731 1046 tua
751 987 863 1046 visione
885 1000 1037 1066 tempora3

274 1092 303 1138 et
319 1079 374 1138 ista
393 1080 545 1157 Scriptura
566 1090 617 1136 tua
637 1077 710 1144 mihi
730 1076 811 1149 dicit,
830 1097 885 1156 per
905 1078 1036 1157 singulos

275 1167 337 1227 dies
351 1187 463 1246 eaquae
478 1167 571 1236 fecisti
590 1179 618 1226 te
636 1167 743 1226 vidisse
763 1166 833 1246 quia
852 1166 931 1226 bona
951 1183 1035 1242 sunt;

264 1272 303 1317 et
320 1279 387 1318 cum
401 1280 435 1318 ea
447 1278 642 1331 numerarem,
656 1259 755 1338 inveni
767 1261 899 1336 quoties?
911 1260 957 1318 Ad
970 1259 1036 1320 haec

274 1363 307 1408 tu
328 1349 401 1409 dicis
423 1351 507 1424 mihi,
527 1349 665 1428 quoniam
687 1363 719 1408 tu
742 1370 772 1409 es
793 1355 873 1410 Deus
891 1371 984 1425 meus,
1007 1366 1037 1410 et

275 1443 347 1502 dicis
366 1463 441 1502 voce
461 1443 530 1500 forti
550 1443 581 1506 in
604 1461 674 1513 aure
694 1442 832 1502 interiore
856 1463 942 1502 servo
967 1456 1036 1518 tuo,

273 1553 473 1613 perrumpens
484 1553 579 1592 meam
596 1533 778 1606 surditatem,
796 1545 825 1591 et
843 1533 992 1593 clamans:
1011 1539 1036 1594 0

274 1625 373 1697 homo,
395 1645 501 1702 nempe
521 1623 601 1702 quod
623 1623 774 1701 Scriptura
794 1644 859 1682 mea
880 1624 959 1696 dicit,
981 1645 1035 1704 ego

276 1717 352 1774 dico.
375 1719 411 1773 Et
433 1728 530 1773 tamen
549 1715 599 1773 illa
622 1714 821 1792 temporaliter
839 1714 918 1784 dicit,
937 1713 1035 1774 Verbo

276 1819 374 1864 autem
398 1825 464 1865 meo
486 1803 601 1883 tempus
621 1825 681 1864 non
701 1804 817 1878 accidit,
839 1805 909 1883 quia
929 1807 1036 1884 aequali

275 1917 390 1954 mecum
414 1897 576 1955 aeternitate
599 1896 738 1955 consistit.
765 1897 812 1955 Sic
835 1917 868 1956 eu
893 1918 958 1975 quae
984 1919 1035 1956 vos

274 2007 328 2065 per
349 1989 489 2066 Spiritum
510 2008 607 2046 meum
625 1987 740 2058 videtis,
761 2008 814 2066 ego
836 1988 936 2060 vide03
961 1989 1036 2048 sicut

275 2097 309 2135 ea
332 2097 398 2155 quae
420 2098 471 2136 vos
493 2097 547 2156 per
567 2077 708 2155 Spiritum
732 2097 831 2150 meum
855 2077 958 2151 dicitis,
981 2101 1035 2158 ego

256 2164 348 2227 dico.
372 2175 469 2247 Atque
488 2170 542 2241 ita,
564 2189 631 2227 cum
651 2189 704 2228 vos
723 2169 923 2247 temporaliter
940 2191 976 2228 ea
994 2173 1036 2230 vi-

275 2261 375 2330 deatis,
393 2280 452 2319 non
471 2279 524 2338 ego
549 2259 748 2336 temporaliter
769 2259 876 2333 video,
892 2261 1036 2338 quemad-

274 2349 405 2421 modum,
421 2370 488 2408 cum
507 2369 560 2408 vos
578 2350 780 2428 temporaliter
796 2371 831 2410 ea
846 2351 961 2425 dicatis,
974 2373 1035 2412 non

275 2460 328 2518 ego
343 2439 543 2518 temporaliter
557 2438 633 2496 dico.

524 2644 658 2708 CAPUT
678 2645 780 2706 XXX.

458 2850 460 2854 ·
505 2819 696 2872 Manioliaeorum
711 2819 813 2870 denne:

316 2989 364 3047 45,
379 2993 416 3047 Et
427 2989 537 3064 audivi,
553 2991 678 3050 Domine
693 2996 774 3050 Deus
787 3009 879 3064 meus,
894 3004 928 3049 et
944 2992 1036 3051 elinxi

274 3079 380 3138 stillam
399 3077 617 3138 dulcedinis-ex
632 3093 683 3138 tua
700 3081 834 3152 veritate,
852 3093 882 3138 et
903 3081 1034 3140 intellexi

274 3172 410 3250 quoniam
430 3185 497 3230 sunt
510 3171 629 3250 quidam
648 3171 756 3250 quibus
774 3171 928 3250 displicent
941 3193 1035 3251 opera
