<?xml version="1.0" encoding="UTF-8"?>
<!DOCTYPE html PUBLIC "-//W3C//DTD XHTML 1.0 Transitional//EN"
    "http://www.w3.org/TR/xhtml1/DTD/xhtml1-transitional.dtd">
<html xmlns="http://www.w3.org/1999/xhtml" xml:lang="en" lang="en">
 <head>
  <title>
</title>
<meta http-equiv="Content-Type" content="text/html;charset=utf-8" />
  <meta name='ocr-system' content='tesseract 3.04.00' />
  <meta name='ocr-capabilities' content='ocr_page ocr_carea ocr_par ocr_line ocrx_word'/>
</head>
<body>
  <div class='ocr_page' id='page_1' title='image "./confessionumlib00maugoog_0469.png"; bbox 0 0 2354 4034; ppageno 0'>
   <div class='ocr_carea' id='block_1_1' title="bbox 337 427 940 486">
    <p class='ocr_par' dir='ltr' id='par_1_1' title="bbox 337 427 940 486">
     <span class='ocr_line' id='line_1_1' title="bbox 337 427 940 486; baseline -0.005 -1"><span class='ocrx_word' id='word_1_1' title='bbox 337 431 587 486; x_wconf 76' lang='lat' dir='ltr'><strong>CONFESSIONUM</strong></span> <span class='ocrx_word' id='word_1_2' title='bbox 606 431 699 483; x_wconf 74' lang='lat' dir='ltr'>LIBER</span> <span class='ocrx_word' id='word_1_3' title='bbox 717 427 787 486; x_wconf 70' lang='lat'>1111.</span> <span class='ocrx_word' id='word_1_4' title='bbox 892 432 940 483; x_wconf 71' lang='lat'><strong>47⁵</strong></span> 
     </span>
    </p>
   </div>
   <div class='ocr_carea' id='block_1_2' title="bbox 182 532 943 703">
    <p class='ocr_par' dir='ltr' id='par_1_2' title="bbox 182 532 943 703">
     <span class='ocr_line' id='line_1_2' title="bbox 182 532 943 611; baseline 0 -17"><span class='ocrx_word' id='word_1_5' title='bbox 182 547 227 594; x_wconf 83' lang='lat' dir='ltr'><strong>est</strong></span> <span class='ocrx_word' id='word_1_6' title='bbox 248 555 255 590; x_wconf 75' lang='grc' dir='ltr'>ε</span> <span class='ocrx_word' id='word_1_7' title='bbox 278 532 316 592; x_wconf 82' lang='lat' dir='ltr'><strong>ab</strong></span> <span class='ocrx_word' id='word_1_8' title='bbox 336 533 387 592; x_wconf 88' lang='lat' dir='ltr'><strong>illo</strong></span> <span class='ocrx_word' id='word_1_9' title='bbox 410 533 488 592; x_wconf 88' lang='lat' dir='ltr'><strong>enim</strong></span> <span class='ocrx_word' id='word_1_10' title='bbox 505 543 565 605; x_wconf 82' lang='lat' dir='ltr'><strong>est,</strong></span> <span class='ocrx_word' id='word_1_11' title='bbox 581 533 631 610; x_wconf 93' lang='lat' dir='ltr'><strong>qui</strong></span> <span class='ocrx_word' id='word_1_12' title='bbox 646 547 708 591; x_wconf 78' lang='lat' dir='ltr'>‘non</span> <span class='ocrx_word' id='word_1_13' title='bbox 728 533 829 611; x_wconf 81' lang='lat' dir='ltr'><strong>aliquo</strong></span> <span class='ocrx_word' id='word_1_14' title='bbox 855 533 943 603; x_wconf 78' lang='lat' dir='ltr'><strong>modo</strong></span> 
     </span>
     <span class='ocr_line' id='line_1_3' title="bbox 182 623 573 703; baseline -0.008 -18"><span class='ocrx_word' id='word_1_15' title='bbox 182 639 239 699; x_wconf 82' lang='lat' dir='ltr'><strong>est,</strong></span> <span class='ocrx_word' id='word_1_16' title='bbox 255 626 307 684; x_wconf 89' lang='lat' dir='ltr'><strong>sed</strong></span> <span class='ocrx_word' id='word_1_17' title='bbox 324 625 406 703; x_wconf 88' lang='lat' dir='ltr'><strong>quod</strong></span> <span class='ocrx_word' id='word_1_18' title='bbox 425 636 482 697; x_wconf 88' lang='lat' dir='ltr'><strong>est,</strong></span> <span class='ocrx_word' id='word_1_19' title='bbox 497 623 573 682; x_wconf 85' lang='lat' dir='ltr'><strong>est*.</strong></span> 
     </span>
    </p>
   </div>
   <div class='ocr_carea' id='block_1_3' title="bbox 415 750 709 856">
    <p class='ocr_par' dir='ltr' id='par_1_3' title="bbox 415 750 709 856">
     <span class='ocr_line' id='line_1_4' title="bbox 415 750 709 856; baseline -0.003 -1"><span class='ocrx_word' id='word_1_20' title='bbox 415 750 552 856; x_wconf 72' lang='lat' dir='ltr'><strong>meur</strong></span> <span class='ocrx_word' id='word_1_21' title='bbox 572 793 709 855; x_wconf 80' lang='lat' dir='ltr'><strong>xxxu.</strong></span> 
     </span>
    </p>
   </div>
   <div class='ocr_carea' id='block_1_4' title="bbox 344 931 783 1035">
    <p class='ocr_par' dir='ltr' id='par_1_4' title="bbox 344 931 783 1035">
     <span class='ocr_line' id='line_1_5' title="bbox 344 931 783 1035; baseline -0.009 -23"><span class='ocrx_word' id='word_1_22' title='bbox 344 931 494 1035; x_wconf 75' lang='lat' dir='ltr'><strong>Cempendid</strong></span> <span class='ocrx_word' id='word_1_23' title='bbox 516 967 612 1008; x_wconf 82' lang='lat' dir='ltr'>enarrat</span> <span class='ocrx_word' id='word_1_24' title='bbox 632 974 706 1026; x_wconf 86' lang='lat' dir='ltr'><strong>opera</strong></span> <span class='ocrx_word' id='word_1_25' title='bbox 728 958 783 1008; x_wconf 84' lang='lat' dir='ltr'><strong>Dei.</strong></span> 
     </span>
    </p>
   </div>
   <div class='ocr_carea' id='block_1_5' title="bbox 161 1095 1018 3096">
    <p class='ocr_par' dir='ltr' id='par_1_5' title="bbox 176 1095 1018 2095">
     <span class='ocr_line' id='line_1_6' title="bbox 224 1095 945 1180; baseline -0.004 -13"><span class='ocrx_word' id='word_1_26' title='bbox 224 1109 271 1168; x_wconf 70' lang='lat'><strong>47.</strong></span> <span class='ocrx_word' id='word_1_27' title='bbox 287 1095 401 1172; x_wconf 74' lang='lat' dir='ltr'><strong>Grutias</strong></span> <span class='ocrx_word' id='word_1_28' title='bbox 416 1105 483 1180; x_wconf 84' lang='lat' dir='ltr'><strong>tibi,</strong></span> <span class='ocrx_word' id='word_1_29' title='bbox 500 1108 635 1168; x_wconf 89' lang='lat' dir='ltr'><strong>Domine.</strong></span> <span class='ocrx_word' id='word_1_30' title='bbox 648 1107 787 1168; x_wconf 81' lang='lat' dir='ltr'>Videmus</span> <span class='ocrx_word' id='word_1_31' title='bbox 799 1109 904 1165; x_wconf 89' lang='lat' dir='ltr'><strong>coelum</strong></span> <span class='ocrx_word' id='word_1_32' title='bbox 917 1120 945 1165; x_wconf 85' lang='lat' dir='ltr'><strong>et</strong></span> 
     </span>
     <span class='ocr_line' id='line_1_7' title="bbox 184 1190 945 1282; baseline -0.001 -24"><span class='ocrx_word' id='word_1_33' title='bbox 184 1213 304 1273; x_wconf 76' lang='lat' dir='ltr'><strong>terram,</strong></span> <span class='ocrx_word' id='word_1_34' title='bbox 329 1190 389 1282; x_wconf 80' lang='lat' dir='ltr'><strong>sive</strong></span> <span class='ocrx_word' id='word_1_35' title='bbox 416 1201 598 1278; x_wconf 79' lang='lat' dir='ltr'>corporalem</span> <span class='ocrx_word' id='word_1_36' title='bbox 624 1212 737 1276; x_wconf 85' lang='lat' dir='ltr'><strong>partem</strong></span> <span class='ocrx_word' id='word_1_37' title='bbox 762 1201 945 1278; x_wconf 82' lang='lat' dir='ltr'><strong>superiorem</strong></span> 
     </span>
     <span class='ocr_line' id='line_1_8' title="bbox 182 1287 946 1370; baseline -0.001 -20"><span class='ocrx_word' id='word_1_38' title='bbox 182 1305 270 1370; x_wconf 85' lang='lat' dir='ltr'><strong>atque</strong></span> <span class='ocrx_word' id='word_1_39' title='bbox 282 1291 467 1361; x_wconf 82' lang='lat' dir='ltr'><strong>inferiorem,</strong></span> <span class='ocrx_word' id='word_1_40' title='bbox 480 1290 540 1348; x_wconf 88' lang='lat' dir='ltr'><strong>sive</strong></span> <span class='ocrx_word' id='word_1_41' title='bbox 553 1287 732 1367; x_wconf 88' lang='lat' dir='ltr'><strong>spiritualem</strong></span> <span class='ocrx_word' id='word_1_42' title='bbox 745 1292 946 1368; x_wconf 83' lang='lat' dir='ltr'><strong>corporalem-</strong></span> 
     </span>
     <span class='ocr_line' id='line_1_9' title="bbox 182 1371 946 1458; baseline -0.001 -20"><span class='ocrx_word' id='word_1_43' title='bbox 182 1401 240 1458; x_wconf 89' lang='lat' dir='ltr'><strong>que</strong></span> <span class='ocrx_word' id='word_1_44' title='bbox 261 1389 437 1449; x_wconf 81' lang='lat' dir='ltr'><strong>creaturam3</strong></span> <span class='ocrx_word' id='word_1_45' title='bbox 457 1391 544 1455; x_wconf 84' lang='lat' dir='ltr'><strong>atque</strong></span> <span class='ocrx_word' id='word_1_46' title='bbox 558 1379 588 1434; x_wconf 90' lang='lat' dir='ltr'><strong>in</strong></span> <span class='ocrx_word' id='word_1_47' title='bbox 608 1380 735 1435; x_wconf 81' lang='lat' dir='ltr'><strong>ornatu*</strong></span> <span class='ocrx_word' id='word_1_48' title='bbox 753 1380 858 1437; x_wconf 84' lang='lat' dir='ltr'><strong>harum</strong></span> <span class='ocrx_word' id='word_1_49' title='bbox 875 1371 946 1456; x_wconf 82' lang='lat' dir='ltr'><strong>par-</strong></span> 
     </span>
     <span class='ocr_line' id='line_1_10' title="bbox 183 1467 945 1546; baseline 0.003 -20"><span class='ocrx_word' id='word_1_50' title='bbox 183 1471 256 1528; x_wconf 88' lang='lat' dir='ltr'><strong>tium</strong></span> <span class='ocrx_word' id='word_1_51' title='bbox 270 1467 378 1546; x_wconf 91' lang='lat' dir='ltr'><strong>quibus</strong></span> <span class='ocrx_word' id='word_1_52' title='bbox 391 1477 504 1524; x_wconf 82' lang='lat' dir='ltr'><strong>constat</strong></span> <span class='ocrx_word' id='word_1_53' title='bbox 515 1467 563 1524; x_wconf 81' lang='lat' dir='ltr'><strong>vei</strong></span> <span class='ocrx_word' id='word_1_54' title='bbox 576 1467 712 1524; x_wconf 88' lang='lat' dir='ltr'><strong>universa</strong></span> <span class='ocrx_word' id='word_1_55' title='bbox 724 1467 826 1526; x_wconf 89' lang='lat' dir='ltr'><strong>mundi</strong></span> <span class='ocrx_word' id='word_1_56' title='bbox 840 1471 945 1539; x_wconf 86' lang='lat' dir='ltr'><strong>moles,</strong></span> 
     </span>
     <span class='ocr_line' id='line_1_11' title="bbox 184 1549 947 1627; baseline 0.001 -11"><span class='ocrx_word' id='word_1_57' title='bbox 184 1549 230 1619; x_wconf 86' lang='lat' dir='ltr'><strong>vei</strong></span> <span class='ocrx_word' id='word_1_58' title='bbox 245 1560 381 1617; x_wconf 85' lang='lat' dir='ltr'><strong>universa</strong></span> <span class='ocrx_word' id='word_1_59' title='bbox 399 1556 517 1614; x_wconf 91' lang='lat' dir='ltr'><strong>omnino</strong></span> <span class='ocrx_word' id='word_1_60' title='bbox 537 1569 685 1627; x_wconf 83' lang='lat' dir='ltr'><strong>creatura,</strong></span> <span class='ocrx_word' id='word_1_61' title='bbox 700 1556 834 1615; x_wconf 82' lang='lat' dir='ltr'><strong>videmus</strong></span> <span class='ocrx_word' id='word_1_62' title='bbox 849 1559 947 1617; x_wconf 86' lang='lat' dir='ltr'><strong>iucem</strong></span> 
     </span>
     <span class='ocr_line' id='line_1_12' title="bbox 185 1645 976 1726; baseline 0 -18"><span class='ocrx_word' id='word_1_63' title='bbox 185 1653 305 1723; x_wconf 81' lang='lat' dir='ltr'><strong>factam,</strong></span> <span class='ocrx_word' id='word_1_64' title='bbox 322 1649 503 1725; x_wconf 88' lang='lat' dir='ltr'><strong>divisamque</strong></span> <span class='ocrx_word' id='word_1_65' title='bbox 517 1667 534 1706; x_wconf 83' lang='lat' dir='ltr'>a</span> <span class='ocrx_word' id='word_1_66' title='bbox 550 1645 686 1706; x_wconf 83' lang='lat' dir='ltr'><strong>tenebris.</strong></span> <span class='ocrx_word' id='word_1_67' title='bbox 698 1647 836 1709; x_wconf 87' lang='lat' dir='ltr'><strong>Videmus</strong></span> <span class='ocrx_word' id='word_1_68' title='bbox 848 1650 947 1708; x_wconf 83' lang='lat' dir='ltr'><strong>firma·</strong></span> <span class='ocrx_word' id='word_1_69' title='bbox 974 1715 976 1726; x_wconf 34' lang='grc'>1</span> 
     </span>
     <span class='ocr_line' id='line_1_13' title="bbox 185 1739 946 1817; baseline -0.003 -17"><span class='ocrx_word' id='word_1_70' title='bbox 185 1754 314 1800; x_wconf 84' lang='lat' dir='ltr'><strong>mentum</strong></span> <span class='ocrx_word' id='word_1_71' title='bbox 333 1740 397 1799; x_wconf 87' lang='lat' dir='ltr'><strong>coeli</strong></span> <span class='ocrx_word' id='word_1_72' title='bbox 413 1761 420 1796; x_wconf 77' lang='grc' dir='ltr'><strong><em>ε</em></strong></span> <span class='ocrx_word' id='word_1_73' title='bbox 435 1739 497 1797; x_wconf 83' lang='lat' dir='ltr'><strong>sive&#39;</strong></span> <span class='ocrx_word' id='word_1_74' title='bbox 511 1739 587 1796; x_wconf 86' lang='lat' dir='ltr'><strong>inter</strong></span> <span class='ocrx_word' id='word_1_75' title='bbox 601 1740 767 1816; x_wconf 84' lang='lat' dir='ltr'><strong>spirituales</strong></span> <span class='ocrx_word' id='word_1_76' title='bbox 786 1759 876 1817; x_wconf 85' lang='lat' dir='ltr'><strong>aquas</strong></span> <span class='ocrx_word' id='word_1_77' title='bbox 895 1761 946 1800; x_wconf 86' lang='lat' dir='ltr'><strong>su-</strong></span> 
     </span>
     <span class='ocr_line' id='line_1_14' title="bbox 184 1821 1018 1912; baseline -0.001 -19"><span class='ocrx_word' id='word_1_78' title='bbox 184 1835 315 1912; x_wconf 86' lang='lat' dir='ltr'><strong>periores</strong></span> <span class='ocrx_word' id='word_1_79' title='bbox 335 1845 364 1892; x_wconf 89' lang='lat' dir='ltr'><strong>et</strong></span> <span class='ocrx_word' id='word_1_80' title='bbox 381 1821 549 1910; x_wconf 83' lang='lat' dir='ltr'><strong>corporales</strong></span> <span class='ocrx_word' id='word_1_81' title='bbox 566 1831 758 1904; x_wconf 84' lang='lat' dir='ltr'><strong>inferiores¹,</strong></span> <span class='ocrx_word' id='word_1_82' title='bbox 775 1833 948 1910; x_wconf 84' lang='lat' dir='ltr'><strong>primarium</strong></span> <span class='ocrx_word' id='word_1_83' title='bbox 1016 1885 1018 1892; x_wconf 93' lang='lat'><em>.</em></span> 
     </span>
     <span class='ocr_line' id='line_1_15' title="bbox 176 1919 949 2006; baseline -0.001 -21"><span class='ocrx_word' id='word_1_84' title='bbox 176 1919 293 2006; x_wconf 36' lang='lat' dir='ltr'><strong>&#39;corpus&#39;</strong></span> <span class='ocrx_word' id='word_1_85' title='bbox 304 1923 421 1996; x_wconf 83' lang='lat' dir='ltr'><strong>mundi3</strong></span> <span class='ocrx_word' id='word_1_86' title='bbox 440 1923 501 1982; x_wconf 88' lang='lat' dir='ltr'><strong>sive</strong></span> <span class='ocrx_word' id='word_1_87' title='bbox 519 1923 716 2006; x_wconf 29' lang='lat' dir='ltr'><strong>hoc&#39;spatium</strong></span> <span class='ocrx_word' id='word_1_88' title='bbox 734 1924 822 1997; x_wconf 85' lang='lat' dir='ltr'><strong>aeris,</strong></span> <span class='ocrx_word' id='word_1_89' title='bbox 835 1925 904 2002; x_wconf 87' lang='lat' dir='ltr'><strong>quia</strong></span> <span class='ocrx_word' id='word_1_90' title='bbox 919 1940 949 1984; x_wconf 88' lang='lat' dir='ltr'><strong>et</strong></span> 
     </span>
     <span class='ocr_line' id='line_1_16' title="bbox 184 2015 949 2095; baseline -0.003 -18"><span class='ocrx_word' id='word_1_91' title='bbox 184 2020 240 2077; x_wconf 89' lang='lat' dir='ltr'><strong>hoc</strong></span> <span class='ocrx_word' id='word_1_92' title='bbox 258 2031 382 2077; x_wconf 78' lang='lat' dir='ltr'><strong>vocatur</strong></span> <span class='ocrx_word' id='word_1_93' title='bbox 398 2017 519 2088; x_wconf 83' lang='lat' dir='ltr'><strong>coelum,</strong></span> <span class='ocrx_word' id='word_1_94' title='bbox 532 2033 587 2094; x_wconf 92' lang='lat' dir='ltr'><strong>per</strong></span> <span class='ocrx_word' id='word_1_95' title='bbox 605 2015 683 2094; x_wconf 79' lang='lat' dir='ltr'><strong>quod</strong></span> <span class='ocrx_word' id='word_1_96' title='bbox 705 2028 854 2095; x_wconf 84' lang='lat' dir='ltr'><strong>vagantur</strong></span> <span class='ocrx_word' id='word_1_97' title='bbox 865 2018 949 2075; x_wconf 81' lang='lat' dir='ltr'>vola-</span> 
     </span>
    </p>

    <p class='ocr_par' dir='ltr' id='par_1_6' title="bbox 161 2109 952 3096">
     <span class='ocr_line' id='line_1_17' title="bbox 185 2109 949 2190; baseline 0 -22"><span class='ocrx_word' id='word_1_98' title='bbox 185 2111 245 2168; x_wconf 86' lang='lat' dir='ltr'><strong>tilia</strong></span> <span class='ocrx_word' id='word_1_99' title='bbox 264 2111 329 2168; x_wconf 86' lang='lat' dir='ltr'><strong>coeli</strong></span> <span class='ocrx_word' id='word_1_100' title='bbox 348 2111 535 2190; x_wconf 80' lang='lat' dir='ltr'><strong>inter-aquas</strong></span> <span class='ocrx_word' id='word_1_101' title='bbox 555 2129 620 2186; x_wconf 86' lang='lat' dir='ltr'><strong>quae</strong></span> <span class='ocrx_word' id='word_1_102' title='bbox 640 2109 818 2188; x_wconf 78' lang='lat' dir='ltr'><strong>vaporaliter</strong></span> <span class='ocrx_word' id='word_1_103' title='bbox 837 2110 878 2168; x_wconf 89' lang='lat' dir='ltr'><strong>eis</strong></span> <span class='ocrx_word' id='word_1_104' title='bbox 897 2130 949 2168; x_wconf 90' lang='lat' dir='ltr'><strong>su-</strong></span> 
     </span>
     <span class='ocr_line' id='line_1_18' title="bbox 161 2189 949 2279; baseline -0.004 -20"><span class='ocrx_word' id='word_1_105' title='bbox 161 2189 165 2196; x_wconf 70' lang='grc'><strong>’</strong></span> <span class='ocrx_word' id='word_1_106' title='bbox 184 2202 383 2279; x_wconf 83' lang='lat' dir='ltr'><strong>perferuntur,</strong></span> <span class='ocrx_word' id='word_1_107' title='bbox 398 2199 427 2259; x_wconf 82' lang='lat' dir='ltr'><strong>e&#39;t</strong></span> <span class='ocrx_word' id='word_1_108' title='bbox 443 2199 553 2258; x_wconf 87' lang='lat' dir='ltr'><strong>serenis</strong></span> <span class='ocrx_word' id='word_1_109' title='bbox 573 2201 660 2258; x_wconf 86' lang='lat' dir='ltr'><strong>etiam</strong></span> <span class='ocrx_word' id='word_1_110' title='bbox 679 2198 816 2258; x_wconf 83' lang='lat' dir='ltr'><strong>noctibus</strong></span> <span class='ocrx_word' id='word_1_111' title='bbox 832 2211 949 2271; x_wconf 84' lang='lat' dir='ltr'><strong>rorant,</strong></span> 
     </span>
     <span class='ocr_line' id='line_1_19' title="bbox 184 2291 947 2371; baseline -0.003 -20"><span class='ocrx_word' id='word_1_112' title='bbox 184 2306 213 2352; x_wconf 87' lang='lat' dir='ltr'><strong>et</strong></span> <span class='ocrx_word' id='word_1_113' title='bbox 233 2294 286 2351; x_wconf 82' lang='lat' dir='ltr'><strong>has</strong></span> <span class='ocrx_word' id='word_1_114' title='bbox 304 2313 369 2371; x_wconf 84' lang='lat' dir='ltr'><strong>quae</strong></span> <span class='ocrx_word' id='word_1_115' title='bbox 388 2294 418 2354; x_wconf 84' lang='lat' dir='ltr'><strong>in</strong></span> <span class='ocrx_word' id='word_1_116' title='bbox 438 2293 523 2350; x_wconf 84' lang='lat' dir='ltr'><strong>terris</strong></span> <span class='ocrx_word' id='word_1_117' title='bbox 542 2311 645 2370; x_wconf 82' lang='lat' dir='ltr'><strong>graves</strong></span> <span class='ocrx_word' id='word_1_118' title='bbox 664 2291 790 2350; x_wconf 79' lang='lat' dir='ltr'><strong>fluitant.</strong></span> <span class='ocrx_word' id='word_1_119' title='bbox 808 2291 947 2353; x_wconf 88' lang='lat' dir='ltr'><strong>Videmus</strong></span> 
     </span>
     <span class='ocr_line' id='line_1_20' title="bbox 186 2383 948 2464; baseline -0.003 -22"><span class='ocrx_word' id='word_1_120' title='bbox 186 2397 426 2464; x_wconf 81' lang='lat' dir='ltr'><strong>congregatarum</strong></span> <span class='ocrx_word' id='word_1_121' title='bbox 448 2403 591 2462; x_wconf 81' lang='lat' dir='ltr'><strong>aquarum</strong></span> <span class='ocrx_word' id='word_1_122' title='bbox 610 2383 738 2462; x_wconf 88' lang='lat' dir='ltr'><strong>speciem</strong></span> <span class='ocrx_word' id='word_1_123' title='bbox 756 2403 811 2461; x_wconf 88' lang='lat' dir='ltr'><strong>per</strong></span> <span class='ocrx_word' id='word_1_124' title='bbox 829 2402 948 2460; x_wconf 86' lang='lat' dir='ltr'><strong>campos</strong></span> 
     </span>
     <span class='ocr_line' id='line_1_21' title="bbox 186 2473 949 2548; baseline -0.003 -16"><span class='ocrx_word' id='word_1_125' title='bbox 186 2475 292 2546; x_wconf 80' lang='lat' dir='ltr'><strong>maris3</strong></span> <span class='ocrx_word' id='word_1_126' title='bbox 317 2487 346 2532; x_wconf 86' lang='lat' dir='ltr'><strong>et</strong></span> <span class='ocrx_word' id='word_1_127' title='bbox 372 2475 483 2534; x_wconf 84' lang='lat' dir='ltr'><strong>aridam</strong></span> <span class='ocrx_word' id='word_1_128' title='bbox 508 2487 632 2548; x_wconf 87' lang='lat' dir='ltr'><strong>terram,</strong></span> <span class='ocrx_word' id='word_1_129' title='bbox 658 2474 702 2531; x_wconf 86' lang='lat' dir='ltr'><strong>vel</strong></span> <span class='ocrx_word' id='word_1_130' title='bbox 724 2473 879 2544; x_wconf 82' lang='lat' dir='ltr'><strong>nudatam,</strong></span> <span class='ocrx_word' id='word_1_131' title='bbox 902 2474 949 2531; x_wconf 80' lang='lat' dir='ltr'><strong>vei</strong></span> 
     </span>
     <span class='ocr_line' id='line_1_22' title="bbox 186 2563 950 2640; baseline -0.005 -16"><span class='ocrx_word' id='word_1_132' title='bbox 186 2567 340 2624; x_wconf 82' lang='lat' dir='ltr'><strong>formatam</strong></span> <span class='ocrx_word' id='word_1_133' title='bbox 355 2578 388 2622; x_wconf 93' lang='lat' dir='ltr'><strong>ut</strong></span> <span class='ocrx_word' id='word_1_134' title='bbox 403 2577 479 2622; x_wconf 87' lang='lat' dir='ltr'><strong>esset</strong></span> <span class='ocrx_word' id='word_1_135' title='bbox 495 2563 618 2621; x_wconf 87' lang='lat' dir='ltr'><strong>visibilis</strong></span> <span class='ocrx_word' id='word_1_136' title='bbox 637 2577 665 2621; x_wconf 89' lang='lat' dir='ltr'><strong>et</strong></span> <span class='ocrx_word' id='word_1_137' title='bbox 684 2565 859 2640; x_wconf 79' lang='lat' dir='ltr'><strong>composita,</strong></span> <span class='ocrx_word' id='word_1_138' title='bbox 880 2563 950 2620; x_wconf 89' lang='lat' dir='ltr'><strong>her-</strong></span> 
     </span>
     <span class='ocr_line' id='line_1_23' title="bbox 184 2651 949 2732; baseline -0.005 -18"><span class='ocrx_word' id='word_1_139' title='bbox 184 2653 350 2732; x_wconf 82' lang='lat' dir='ltr'><strong>barumque</strong></span> <span class='ocrx_word' id='word_1_140' title='bbox 370 2667 457 2730; x_wconf 83' lang='lat' dir='ltr'><strong>atque</strong></span> <span class='ocrx_word' id='word_1_141' title='bbox 477 2651 616 2711; x_wconf 82' lang='lat' dir='ltr'><strong>arborum</strong></span> <span class='ocrx_word' id='word_1_142' title='bbox 633 2652 795 2710; x_wconf 83' lang='lat' dir='ltr'><strong>materiem.</strong></span> <span class='ocrx_word' id='word_1_143' title='bbox 810 2652 949 2712; x_wconf 89' lang='lat' dir='ltr'><strong>Videmus</strong></span> 
     </span>
     <span class='ocr_line' id='line_1_24' title="bbox 185 2739 950 2820; baseline -0.003 -17"><span class='ocrx_word' id='word_1_144' title='bbox 185 2745 339 2803; x_wconf 82' lang='lat' dir='ltr'><strong>luminaria</strong></span> <span class='ocrx_word' id='word_1_145' title='bbox 351 2739 462 2820; x_wconf 74' lang='lat' dir='ltr'><strong>fulgere</strong></span> <span class='ocrx_word' id='word_1_146' title='bbox 476 2742 617 2820; x_wconf 81' lang='lat' dir='ltr'><strong>desuper3</strong></span> <span class='ocrx_word' id='word_1_147' title='bbox 631 2743 720 2800; x_wconf 91' lang='lat' dir='ltr'><strong>solem</strong></span> <span class='ocrx_word' id='word_1_148' title='bbox 734 2742 869 2800; x_wconf 88' lang='lat' dir='ltr'><strong>sufficere</strong></span> <span class='ocrx_word' id='word_1_149' title='bbox 882 2742 950 2814; x_wconf 89' lang='lat' dir='ltr'><strong>diei,</strong></span> 
     </span>
     <span class='ocr_line' id='line_1_25' title="bbox 186 2833 951 2911; baseline -0.001 -19"><span class='ocrx_word' id='word_1_150' title='bbox 186 2837 284 2894; x_wconf 80' lang='lat' dir='ltr'><strong>lunam</strong></span> <span class='ocrx_word' id='word_1_151' title='bbox 305 2847 334 2893; x_wconf 91' lang='lat' dir='ltr'><strong>et</strong></span> <span class='ocrx_word' id='word_1_152' title='bbox 357 2834 454 2892; x_wconf 80' lang='lat' dir='ltr'><strong>stellas</strong></span> <span class='ocrx_word' id='word_1_153' title='bbox 477 2833 621 2892; x_wconf 81' lang='lat' dir='ltr'><strong>consolari</strong></span> <span class='ocrx_word' id='word_1_154' title='bbox 644 2844 776 2905; x_wconf 83' lang='lat' dir='ltr'><strong>noctem,</strong></span> <span class='ocrx_word' id='word_1_155' title='bbox 796 2844 884 2911; x_wconf 87' lang='lat' dir='ltr'><strong>atque</strong></span> <span class='ocrx_word' id='word_1_156' title='bbox 905 2833 951 2892; x_wconf 86' lang='lat' dir='ltr'><strong>his</strong></span> 
     </span>
     <span class='ocr_line' id='line_1_26' title="bbox 187 2923 952 3005; baseline -0.001 -21"><span class='ocrx_word' id='word_1_157' title='bbox 187 2925 321 2984; x_wconf 87' lang='lat' dir='ltr'><strong>omnibus</strong></span> <span class='ocrx_word' id='word_1_158' title='bbox 334 2926 429 2984; x_wconf 83' lang='lat' dir='ltr'><strong>notari</strong></span> <span class='ocrx_word' id='word_1_159' title='bbox 443 2938 473 2983; x_wconf 86' lang='lat' dir='ltr'><strong>et</strong></span> <span class='ocrx_word' id='word_1_160' title='bbox 487 2923 642 3005; x_wconf 79' lang='lat' dir='ltr'><strong>significari</strong></span> <span class='ocrx_word' id='word_1_161' title='bbox 656 2937 797 3004; x_wconf 87' lang='lat' dir='ltr'><strong>tempora.</strong></span> <span class='ocrx_word' id='word_1_162' title='bbox 811 2923 952 2985; x_wconf 84' lang='lat' dir='ltr'><strong>Videmus</strong></span> 
     </span>
     <span class='ocr_line' id='line_1_27' title="bbox 186 3015 952 3096; baseline -0.001 -23"><span class='ocrx_word' id='word_1_163' title='bbox 186 3015 337 3074; x_wconf 82' lang='lat' dir='ltr'><strong>humidum</strong></span> <span class='ocrx_word' id='word_1_164' title='bbox 359 3035 571 3094; x_wconf 87' lang='lat' dir='ltr'><strong>usquequaque</strong></span> <span class='ocrx_word' id='word_1_165' title='bbox 594 3029 745 3090; x_wconf 83' lang='lat' dir='ltr'><strong>naturam,</strong></span> <span class='ocrx_word' id='word_1_166' title='bbox 768 3015 898 3096; x_wconf 87' lang='lat' dir='ltr'><strong>piscibus</strong></span> <span class='ocrx_word' id='word_1_167' title='bbox 922 3028 952 3073; x_wconf 92' lang='lat' dir='ltr'><strong>et</strong></span> 
     </span>
    </p>
   </div>
   <div class='ocr_carea' id='block_1_6' title="bbox 229 3183 665 3251">
    <p class='ocr_par' dir='ltr' id='par_1_7' title="bbox 229 3183 665 3251">
     <span class='ocr_line' id='line_1_28' title="bbox 229 3183 665 3251; baseline -0.007 -16"><span class='ocrx_word' id='word_1_168' title='bbox 229 3183 303 3235; x_wconf 79' lang='lat' dir='ltr'><strong>¹Lib.</strong></span> <span class='ocrx_word' id='word_1_169' title='bbox 318 3190 333 3234; x_wconf 85' lang='lat'><strong>2</strong></span> <span class='ocrx_word' id='word_1_170' title='bbox 353 3189 460 3235; x_wconf 75' lang='lat' dir='ltr'><strong>Retraci.</strong></span> <span class='ocrx_word' id='word_1_171' title='bbox 479 3199 531 3251; x_wconf 79' lang='lat' dir='ltr'><strong>esp.</strong></span> <span class='ocrx_word' id='word_1_172' title='bbox 546 3191 580 3244; x_wconf 87' lang='grc'><strong>6,</strong></span> <span class='ocrx_word' id='word_1_173' title='bbox 598 3199 623 3233; x_wconf 88' lang='lat' dir='ltr'><strong>u.</strong></span> <span class='ocrx_word' id='word_1_174' title='bbox 641 3187 665 3232; x_wconf 81' lang='lat'><strong>2.</strong></span> 
     </span>
    </p>
   </div>
   <div class='ocr_carea' id='block_1_7' title="bbox 0 0 1191 4034">
    <p class='ocr_par' dir='ltr' id='par_1_8' title="bbox 0 0 1191 4034">
     <span class='ocr_line' id='line_1_29' title="bbox 0 0 1191 4034; baseline 0 0"><span class='ocrx_word' id='word_1_175' title='bbox 0 0 1191 4034; x_wconf 95' lang='lat' dir='ltr'><strong> </strong></span> 
     </span>
    </p>
   </div>
  </div>
 </body>
</html>
