2394 4010
252 409 302 458 284
438 409 461 456 ³.
482 405 660 460 attostmt
680 411 823 488 arlacum

251 511 330 588 quod
350 497 408 566 iron
426 509 505 586 capit
519 510 609 580 loeus,
627 523 655 568 et
676 509 727 568 ubi
749 523 833 569 sonat
850 512 930 589 quod
947 528 1007 571 non

253 602 329 679 rapit
343 613 470 677 tempus,
482 612 511 657 et
524 599 576 657 ubi
590 602 649 658 olet
660 601 741 678 quod
754 621 814 658 nou
828 602 938 679 spargit
951 604 1007 662 fla-

255 705 313 762 tus,
328 702 356 748 et
369 689 421 747 ubi
434 690 510 767 sapit
528 689 608 767 quod
622 711 682 748 non
699 691 805 750 m'muit
823 691 967 765 edacitas,
981 707 1010 752 et

254 781 305 838 ubi
324 782 414 838 haeret
431 779 510 856 quod
528 800 587 838 non
607 780 720 838 divellit
738 781 863 840 satietas.
883 786 946 840 Hoc
967 797 1009 841 est

254 871 333 948 quod
346 890 422 941 amo,
434 886 501 929 eum
513 875 609 929 Deum
621 890 720 929 meum
731 889 809 929 amo.

292 962 321 1018 9.
343 964 379 1017 Et
397 959 468 1036 quid
484 973 527 1018 est
545 960 621 1017 hoo?
640 961 819 1038 Interrogavi
841 974 964 1033 terram,
983 976 1011 1020 et

255 1049 344 1120 dixit,
359 1054 422 1106 Non
435 1069 516 1119 sum;
529 1063 558 1106 et
569 1069 760 1126 quaecumque
774 1050 805 1106 in
818 1049 919 1108 eadem
934 1064 1010 1123 suut,

254 1140 331 1198 idem
345 1141 481 1198 'confessa
494 1153 569 1198 sunt.
584 1141 763 1219 Interrogavi
779 1159 859 1198 mare
878 1145 915 1198 et'
925 1140 1012 1220 ab'ys-

149 1303 153 1310 ⁸
198 1245 200 1248 ·
255 1251 315 1302 sos,
330 1244 358 1288 et
374 1227 488 1308 reptilia
502 1233 662 1290 animarum
678 1231 872 1301 vivarumfet
890 1251 1012 1309 respon-

254 1323 383 1380 derunt:
402 1323 466 1380 N'on
487 1340 585 1380 sumus
603 1327 682 1380 Deus
702 1335 784 1393 tuus;
806 1341 903 1398 quaere
921 1341 1011 1401 super

254 1427 314 1468 nos.
327 1412 505 1488 Interrogavi
518 1429 602 1469 auras
615 1410 738 1481 flabiles,
750 1423 777 1468 et
791 1411 885 1486 inquit
897 1412 1011 1468 univer-

254 1520 302 1558 sus
325 1519 375 1559 aer
400 1521 466 1558 cum
485 1503 587 1559 ineolis
608 1503 668 1559 suis
687 1502 834 1562 :Fallitur
854 1501 1010 1559 Anaxime-

255 1609 304 1646 nes
315 1613 322 1661 ;
336 1609 394 1647 non
407 1609 471 1653 sum
486 1593 575 1649 Deus.
587 1593 767 1668 Interrogavi
780 1592 901 1662 ¹coslum,
912 1592 1010 1662 solem,

215 1733 218 1740 .
254 1681 368 1751 lunam,
386 1681 497 1751 stellas3
513 1667 614 1758 Neque
638 1695 689 1738 nos
709 1701 808 1740 smnus
829 1684 908 1740 Deus
922 1699 1009 1758 quem

229 1797 245 1809 ··
256 1772 377 1846 q'uaeris,
389 1770 534 1848 inquiunt.
548 1773 584 1828 Et
598 1772 660 1830 dixi
674 1772 810 1830 omnibus
824 1773 859 1830 iis
874 1791 938 1848 quae
952 1773 1011 1830 eir-

167 1927 169 1934 *
256 1873 398 1918 tumstant
414 1863 490 1920 sores
510 1863 603 1920 earnis
623 1883 694 1921 meae
714 1885 722 1920 ε
743 1864 864 1920 'Dixistis
880 1863 954 1922 mihi
976 1862 1013 1920 de

218 1968 222 1974 ·
256 1955 318 2033 Deo
331 1969 397 2034 meo
409 1950 489 2027 quod
502 1969 552 2010 vos
563 1970 621 2009 non
635 1952 715 2026 estis,
729 1951 816 2010 dieite
828 1952 900 2010 mihi
912 1952 949 2010 de
962 1953 1011 2010 illo

159 2099 164 2106 ,
256 2039 375 2118 aliquid
397 2045 433 2098 Et
453 2042 688 2100 exclamaverunt
707 2060 780 2100 voce
802 2061 905 2125 magna
921 2064 928 2098 :
946 2045 1013 2119 {pse
1067 2095 1070 2102 .

256 2131 324 2188 fecit
339 2149 391 2188 uos
402 2141 421 2187 ¹.
439 2133 630 2210 Interrogatio
651 2151 730 2202 mea,
746 2132 867 2189 intentio
888 2151 968 2201 mea;
984 2143 1013 2190 et

258 2223 406 2298 responsio
424 2237 541 2292 eorum,
556 2223 666 2299 species
681 2241 790 2279 eorum.
808 2224 844 2278 Et
860 2220 952 2278 direxi
967 2239 1013 2278 me

257 2311 293 2368 ad
309 2328 367 2380 me,
384 2323 412 2374 et
425 2309 486 2368 dixi
503 2311 589 2383 mihi,
603 2315 646 2370 Tu
663 2313 728 2389 quis
748 2313 799 2370 es?
813 2315 849 2368 Et
863 2309 1013 2389 respondi,

187 2447 189 2450 .
258 2403 361 2458 Homo.
384 2403 419 2457 Et
439 2421 507 2459 ecce
528 2422 635 2482 eorpus
656 2416 685 2462 et
704 2403 800 2461 anima
824 2403 854 2460 in
877 2421 923 2460 me
943 2399 1014 2486 mihi
1088 2462 1090 2466 ,
1183 2387 1184 2420 ³

160 2559 164 2567 Ι
259 2505 365 2569 praesto
388 2504 473 2563 stmt3
496 2511 587 2552 unum
610 2495 751 2565 exterius,
774 2506 803 2551 et
825 2493 947 2550 alterum
961 2493 1013 2548 in·

259 2584 356 2641 terius.
378 2582 457 2658 Quid
476 2583 584 2642 horum
607 2598 650 2643 est
671 2584 750 2643 unde
774 2601 905 2662 quaerere
925 2580 1014 2639 debui

259 2677 353 2732 Deum
371 2691 482 2745 meum,
497 2691 584 2751 quem
597 2673 659 2752 jam
673 2675 862 2751 quaesiveram
878 2691 932 2751 per
946 2689 1013 2728 cor·
1027 2714 1039 2746 ⁴

259 2785 314 2842 pus
328 2786 345 2823 a
358 2776 440 2823 *terra
458 2785 551 2843 usque
565 2765 609 2824 ad·
623 2767 745 2837 ooelum,
765 2783 920 2842 quousque
933 2763 1016 2840 potui

243 2854 373 2911 'mittere
400 2854 533 2925 nuntios,
561 2853 657 2929 radios
684 2854 837 2911 oculorum
862 2849 1016 2909 meorum?

260 2943 315 3000 Sed
325 2944 433 3003 “melius
448 2943 527 3021 quod
546 2943 676 3028 interius.
687 2944 726 3002 Ei
745 2944 854 3021 qnippe
873 2934 1017 3000 reimntia-

780 3061 796 3092 .
914 3027 922 3043 ⁶
943 3038 954 3060 ο

300 3133 502 3188 11³sat.xc1x;s.
574 3119 588 3153 '¹
884 3099 895 3155 d

627 3203 630 3212 ’
712 3204 730 3235 ⁸
