2316 4020
247 400 295 447 tlt
416 390 812 466 .s.auensrru1ur1seor1

245 493 385 554 eruditus.
397 498 433 551 Et
446 490 690 570 quoniammulta
699 489 943 567 philosophorum
957 491 1002 550 le·

245 605 356 663 geram,
369 582 572 659 memoriaeque
581 579 718 640 mandata,
726 577 901 651 retinebam,
912 598 950 638 ex
959 581 1002 639 eis

245 676 379 754 quaedam
389 671 594 751 comparabam
602 671 660 745 illis
669 670 895 729 Manichaeorum
906 671 1003 749 longis

245 767 352 828 fabulis
373 788 380 824 ε
397 778 427 824 et
438 764 510 823 mihi
526 760 724 840 probabiliora
733 760 792 818 ¹ista
809 760 1004 838 videbantur,

247 879 312 938 quae
321 858 458 919 dixerunt
466 853 522 925 illi,
535 853 586 929 qui
598 865 711 910 tantum
722 862 881 927 potuerunt
891 853 1003 924 valere,

247 962 280 1008 ut
294 958 412 1028 possent
426 945 568 1002 aestimare
588 943 741 1012 saeculum,
756 943 922 1018 quanquam
939 941 1004 1019 ejus

247 1041 403 1106 Dominum
418 1036 536 1094 minime
545 1033 718 1092 invenerint.
728 1033 871 1106 Quoniam
882 1052 1004 1110 magnus

213 1192 216 1203 ,
247 1152 294 1202 es,
309 1128 445 1198 Domine,
461 1139 491 1184 et
500 1124 621 1183 humilia
635 1122 755 1200 respicis
760 1145 769 1195 3
782 1123 897 1182 excelsa
904 1135 1004 1181 autem

247 1221 367 1298 alonge
388 1216 556 1296 cognoscis¹
573 1236 581 1270 ε
600 1234 653 1272 nec
673 1213 853 1291 propinquas
870 1213 926 1271 nisi
947 1212 1006 1271 ob-

164 1315 167 1324 '
248 1310 322 1368 tritis
344 1306 448 1377 corde,
467 1325 522 1363 nec
537 1303 676 1362 inveniris
694 1323 711 1360 a
734 1302 884 1380 superbis,
908 1323 961 1361 nec
981 1303 1006 1361 si

247 1401 289 1459 illi
303 1399 417 1457 curiosa
431 1395 535 1474 peritia
547 1406 700 1452 numerent
714 1393 810 1452 stellas
822 1406 852 1451 et
867 1413 1006 1473 arenam,

249 1505 278 1550 et
291 1490 478 1548 dimetiantur
488 1485 614 1544 sidereas
629 1485 741 1563 plagas,
753 1496 783 1543 et
793 1483 935 1562 vestigent
943 1483 1006 1543 vias

249 1565 402 1641 astrorum.

290 1674 317 1731 4.
331 1677 428 1731 Mente
445 1669 522 1728 enim
536 1687 588 1727 sua
602 1680 737 1746 quaerunt
750 1667 822 1738 ista,
841 1680 870 1724 et
890 1665 1007 1744 ingenio

251 1764 330 1845 quod
343 1776 374 1824 tu
385 1761 489 1822 dedisti
497 1760 537 1836 e‘rs
549 1780 556 1815 :
569 1771 599 1818 et
608 1759 699 1816 multa
710 1757 884 1814 invenerunt
896 1769 925 1814 et
934 1773 1008 1833 prae-
1020 1756 1024 1760 ’

250 1858 459 1916 nuntiaverunt
474 1863 540 1910 ante
554 1851 660 1908 multos
676 1868 765 1908 annos
777 1848 906 1906 desectus
919 1847 1009 1905 lumi-

251 1947 365 2007 narium
378 1944 445 2004 solis
458 1955 486 2000 et
497 1942 585 2010 lunae,
598 1959 657 2016 quo
668 1940 725 2011 die,
736 1957 793 2016 qua
803 1938 889 2009 hora,
900 1948 1009 2014 quanta

252 2059 289 2096 ex
305 2047 386 2115 parte
400 2031 491 2091 futuri
505 2041 615 2100 essent3
634 2041 663 2086 et
681 2029 740 2087 non
754 2047 803 2086 eos
824 2027 928 2092 fefellit
949 2048 1020 2086 nu-=

252 2145 365 2195 merus,
385 2133 414 2180 et
429 2121 471 2178 ita
484 2119 593 2176 sactum
610 2131 655 2176 est
670 2132 703 2176 ut
719 2117 1008 2195 praenuntiaverunt:

252 2227 281 2271 et
300 2211 477 2286 scripserunt
499 2206 613 2284 regulas
633 2205 796 2285 indagatas,
818 2218 847 2265 et
873 2207 1011 2283 leguntur

252 2301 354 2372 hodie,
370 2310 457 2374 atque
471 2316 508 2354 ex
521 2296 562 2354 eis
576 2296 787 2374 praenuntiatur
802 2316 862 2374 quo
883 2316 960 2376 anno
981 2309 1011 2354 et

253 2410 312 2469 quo
322 2408 420 2448 mense
430 2387 512 2460 anni,
524 2399 552 2444 et
566 2406 625 2464 quo
638 2385 685 2444 die
695 2387 817 2460 mensis,
830 2400 860 2444 et
868 2405 928 2464 qua
937 2387 1011 2446 hora

256 2482 332 2554 diei,
354 2493 383 2538 et
405 2490 496 2556 quota
511 2489 593 2555 parte
609 2477 724 2535 luminis
744 2478 790 2536 sui
810 2477 962 2550 defectura
974 2479 1012 2536 sit

253 2573 322 2629 luna
334 2570 381 2628 vel
396 2569 453 2640 ⁵013
467 2579 497 2626 et
508 2567 552 2649 dta
565 2567 615 2625 fiet
627 2578 659 2624 ut
673 2567 893 2643 praenuntiatur.
904 2571 942 2624 Et
955 2567 1012 2624 mi-

254 2673 355 2722 rantur
367 2661 430 2719 haee
442 2657 573 2716 homines
585 2669 615 2714 et
626 2668 744 2734 stupent
756 2657 808 2734 qui
818 2657 951 2715 nesciunt
960 2675 1012 2728 ea,

254 2766 284 2812 et
293 2753 438 2812 exsultant
448 2761 536 2826 utque
549 2748 728 2806 extolluntur
737 2748 789 2825 qui
798 2749 894 2806 sciunt
899 2769 908 2819 ;
919 2759 949 2804 et
958 2767 1013 2830 per

254 2844 373 2923 impiam
390 2838 557 2918 superbiam
575 2840 744 2898 recedentes
766 2851 796 2898 et
816 2837 982 2898 deficientes
995 2859 1014 2897 a

255 2933 363 2992 lumine
377 2941 445 3004 tu0;
459 2943 539 2990 tanto
554 2942 619 3012 ante
637 2930 706 2990 solis
720 2930 867 2990 defectum
880 2929 1012 2988 futurum

293 3121 374 3173 ¹Panl.
389 3137 503 3184 cxxxvn,
518 3127 542 3173 6.
