2326 4020
257 531 289 575 to
430 523 463 570 ’8.
482 523 661 571 AUGUSTINI
680 521 822 572 EPISCOPI

255 625 348 702 turpis
366 623 461 681 anima
475 634 505 678 et
518 621 660 700 dissiliens
678 641 695 678 a
711 623 894 684 firmamento
914 639 964 685 tuo
982 629 1014 684 in

239 713 475 792 'exterminium
493 732 553 771 non
569 706 735 770 dedecore*
752 714 876 790 aliquid,
894 715 945 773 sed
962 716 1015 774 de·

256 804 344 862 decus
360 814 509 881 appetens3

484 953 487 960 ’
536 960 669 1022 CAPUT
690 963 731 1024 V.

432 1118 562 1169 Neminem
575 1133 675 1184 pectore
687 1118 739 1168 sine
753 1135 834 1169 consa.

198 1249 200 1254 ⁸
299 1262 345 1320 10.
358 1260 471 1318 Etenim
488 1261 599 1338 species
615 1272 658 1317 est
676 1260 806 1337 pulchris
826 1237 1014 1338 corporibus,

253 1365 288 1410 et
312 1369 400 1420 auro,
424 1361 452 1407 et
471 1359 605 1426 argento,
620 1361 659 1407 ·et
676 1348 829 1420 omnibus;
850 1361 879 1406 et
899 1349 929 1406 in
948 1369 1015 1407 con-

258 1452 338 1499 tactu
356 1438 450 1504 carnis
467 1436 655 1514 congruentia
669 1437 746 1494 valet
764 1436 938 1514 plurimum,
957 1457 1014 1495 cae-

255 1530 384 1607 terisqne
401 1527 531 1588 sensibus
549 1539 593 1586 est
609 1546 662 1585 sua
676 1527 781 1605 cuique
796 1527 1014 1586 accommodata

255 1618 435 1678 <modificatio
450 1637 621 1694 corporum3
635 1615 725 1676 habet
740 1618 827 1676 etiam
838 1617 934 1675 honor
945 1631 1014 1676 tem-

257 1708 381 1786 poralis,
396 1719 425 1765 et
436 1707 624 1785 imperitandi
639 1719 725 1785 atque
740 1707 896 1784 superandi
909 1719 1015 1784 poten-

258 1800 297 1860 tia
315 1819 401 1859 suum
419 1798 524 1870 decus,
538 1799 617 1858 unde
634 1800 719 1858 etiam
738 1799 873 1857 vindictae
892 1798 1014 1856 aviditas

253 1892 379 1950 oritur:
402 1903 547 1949 ettamen
569 1890 600 1949 in
622 1901 726 1948 cuncta
744 1890 806 1948 haec
827 1889 1014 1966 adipiscenda

258 2001 318 2040 non
338 1994 381 2040 est
400 1980 608 2057 egrediendum
629 1979 680 2038 abs
699 1994 740 2051 te,
762 1981 900 2050 Domine,
920 1999 1015 2057 neque

259 2070 434 2130 deviandum
451 2089 468 2127 a
486 2071 548 2146 lege
571 2082 629 2128 tuo.
647 2073 684 2128 Et
697 2071 758 2129 vito
772 2090 861 2148 quam
878 2071 925 2128 hic
941 2071 1016 2128 vivi-

256 2181 323 2220 ·mus
339 2159 430 2218 habet
446 2156 615 2217 illecebram
630 2179 712 2218 sunm
725 2171 848 2238 propter
861 2160 1015 2236 quemdam

247 2241 379 2308 'modum
394 2247 507 2306 decoris
526 2246 584 2320 sni,
601 2262 630 2306 et
647 2249 878 2308 convenientiam
892 2269 958 2308 cnm
971 2250 1016 2308 his

260 2337 396 2397 omnibus
410 2336 516 2395 infimis
531 2339 671 2415 pulchris.
685 2338 819 2398 Amicitia
835 2355 952 2416 quoque
965 2338 1017 2396 ho-

259 2425 370 2486 minum
384 2425 472 2486 charo
487 2421 565 2484 nodo
577 2423 670 2487 dulcis
684 2441 864 2507 estpropter
876 2429 1015 2486 unitatem

253 2521 297 2577 ,de
316 2518 414 2577 multis
431 2517 541 2576 animis.
561 2521 685 2596 Propter
699 2519 837 2578 universa
853 2519 915 2577 haec
930 2531 1016 2595 atque

259 2603 428 2688 hujusmodi
451 2621 603 2686 peccatum
624 2605 805 2682 admittitur,
819 2609 888 2668 dum
907 2611 1014 2668 immo-

256 2699 360 2758 derata
380 2699 411 2756 in
427 2699 482 2756 ista
498 2697 684 2757 inclinatione
707 2719 774 2758 cum
792 2711 923 2760 extrema
939 2699 1016 2758 bona

260 2790 333 2859 sint,
352 2788 472 2847 meliora
495 2800 523 2846 et
541 2808 654 2848 summa
677 2787 865 2862 deseruntur,
885 2801 930 2859 tu,
952 2793 1016 2847 Do-

258 2878 336 2935 mine
360 2883 439 2936 Deus
455 2890 568 2950 noster,
586 2890 614 2936 et
633 2878 739 2936 vetitas
762 2891 826 2949 tna,
846 2890 875 2936 et
893 2879 941 2936 lex
957 2892 1015 2936 tna.

259 2965 376 3024 Habent
398 2968 473 3025 enim
502 2979 531 3024 et
551 2967 614 3025 haec
640 2967 698 3025 ima
719 2966 944 3039 delectationes,
965 2965 1016 3025 sed

260 3079 318 3116 non
337 3057 411 3116 sicut
424 3062 504 3116 Deus
524 3078 605 3117 mens
621 3059 672 3136 qui
690 3059 758 3118 lecit
772 3059 883 3131 omnia3
902 3060 972 3136 quia
986 3059 1016 3116 in
1033 3056 1039 3067 “

260 3151 324 3228 ipso
345 3147 506 3207 delectatur
528 3149 639 3227 justus,
659 3162 688 3206 et
706 3149 768 3228 ipse
785 3162 828 3208 est
846 3148 957 3207 deliciae
974 3168 1019 3206 re-

261 3252 372 3304 ctorum
387 3238 484 3297 corde.
763 3243 765 3249 '
