2356 4018
335 443 585 512 conrissmnuu
603 463 697 512 mann
714 463 760 512 11.
876 465 927 510 aaa

168 565 204 624 sit
235 563 447 641 praenuntiator
473 563 610 642 apertior.
636 571 841 626 Verumtamen
874 583 927 642 ego

167 653 293 734 ptimam
314 652 402 732 hujus
422 653 574 714 lectionem
598 673 657 714 non
678 656 854 733 intelligens,
879 667 928 712 to-

170 757 291 822 tumque
316 744 402 803 talem
432 744 590 816 arbitrans,
617 745 715 822 distuli
737 744 927 825 repetendum

171 833 356 893 exercitatior
373 834 406 892 in
426 833 573 893 dominico
592 832 719 914 eloquio:

441 1001 575 1067 CAPUT
595 1003 654 1066 Vl.

223 1148 356 1200 Mediolani
376 1149 511 1218 baptizatur
522 1165 580 1200 cum
597 1150 686 1220 Alypio
701 1160 727 1201 et
741 1151 875 1204 adeodato.
936 1211 939 1216 ,

216 1290 261 1348 14.
283 1290 355 1352 Inde
369 1290 422 1348 ubi
431 1303 545 1370 tempus
559 1291 677 1350 advenit
690 1312 749 1370 quo
763 1313 810 1353 me
824 1285 929 1354 nomen

174 1381 244 1439 dare
261 1393 423 1460 oporteret,
441 1379 542 1440 relicto
563 1403 648 1455 rure,-
665 1385 861 1445 Mediolanum
880 1406 928 1444 re-
978 1439 980 1444 a

174 1471 340 1530 meavimus.
353 1472 465 1530 Placuit
483 1484 511 1530 et
530 1473 636 1552 Alypio
657 1475 768 1533 renasci
780 1477 810 1534 in
823 1489 852 1534 te
865 1497 929 1536 me-

174 1581 256 1634 cum,
273 1559 334 1639 jam
354 1562 458 1620 induto
478 1561 640 1620 humilitate
662 1565 853 1623 sacramentis
873 1568 929 1625 tuis

174 1671 314 1730 congrua,
329 1665 358 1711 et
371 1652 527 1714 fortissimo
539 1649 674 1710 domitori
685 1655 825 1732 corporis,
838 1675 931 1734 usque

175 1741 211 1800 ad
226 1742 358 1805 Italicum
370 1743 464 1800 solum
482 1741 601 1818 glaciale
614 1741 694 1799 nudo
706 1743 782 1820 pede
796 1743 932 1804 obteren-

176 1832 246 1890 dum
266 1832 382 1904 insolito
408 1851 490 1890 ausu.
513 1829 708 1908 adjunximus
736 1833 820 1891 etiam
845 1834 931 1893 nobis

161 1995 163 2002 Ι
176 1941 299 2000 puerum
310 1920 493 1980 Adeodatum
508 1941 544 1979 ex
557 1940 604 1979 me
615 1933 715 1979 natum
729 1923 882 1982 carnaliter
895 1924 932 1984 de

175 2022 295 2088 peccato
314 2031 388 2069 meo.
403 2017 446 2070 Tu
465 2011 540 2084 bene
561 2011 670 2073 feceras
689 2031 765 2070 eum.
781 2005 931 2070 Annorum
950 2063 953 2067 ,

175 2113 237 2160 erat
256 2101 346 2159 ferme
363 2101 546 2184 quindecim,
559 2113 587 2159 et
604 2101 720 2178 ingenio
736 2101 932 2180 praeveniebat

175 2191 281 2250 multos
295 2210 397 2270 graves
416 2203 444 2250 et
463 2191 566 2268 doctos¹
578 2191 666 2250 viros.
679 2192 801 2251 Munera
815 2203 865 2250 tua
878 2191 933 2251 tibi

140 2351 142 2367 Ι
177 2284 323 2355 confiteor,
338 2282 462 2344 Domine
474 2285 553 2341 Deus
564 2301 654 2354 metas,
666 2285 779 2344 creator
790 2284 931 2355 omnium,

175 2387 204 2434 et
218 2377 342 2434 multum
353 2387 456 2453 potens
469 2374 646 2432 reformare*
655 2381 757 2432 nostra
771 2374 930 2432 deformia:

174 2485 241 2524 nam
263 2485 317 2542 ego
332 2465 362 2523 in
385 2465 435 2522 illo
456 2483 548 2542 puero
571 2461 678 2541 praeter
700 2463 838 2522 delictum
859 2462 931 2521 nihil

174 2554 327 2628 habebam.
346 2553 526 2631 Quod-enim
545 2552 745 2612 enutriebatur
763 2573 780 2610 a
797 2552 881 2612 nohis
896 2553 932 2622 ,in

176 2645 330 2726 disciplina
356 2657 418 2716 tua,
442 2655 473 2702 tu
496 2644 690 2723 inspiraveras
714 2641 811 2713 nobis,
836 2643 933 2701 nullus

176 2737 249 2795 alius
263 2757 270 2794 τ
285 2755 407 2795 munera
427 2748 478 2793 tua
496 2735 550 2794 tibi
562 2736 708 2794 confiteor.
723 2737 773 2790 Est
786 2732 861 2791 liber
875 2749 932 2790 no-

176 2835 235 2883 ster
247 2826 299 2904 qui
307 2821 486 2896 inscribitur,
504 2825 541 2884 de
558 2826 714 2904 Magistro:
729 2823 791 2902 ipse
808 2821 849 2880 ihi
867 2841 931 2890 me-

177 2933 244 2972 cum
262 2915 401 2992 loquitur.
422 2920 465 2973 Tu
483 2913 537 2973 seis
556 2915 634 2972 illius
653 2935 716 2973 esse
733 2933 818 2972 sensa·
836 2914 933 2972 omnia

175 3022 241 3082 quae
254 3003 422 3063 inseruntur
433 3003 475 3063 ibi
485 3025 520 3062 ex
531 3011 655 3083 persona
666 3003 851 3064 collocutoris
865 3003 933 3074 mei,

175 3113 242 3153 cum
254 3105 328 3154 esset
338 3094 370 3152 in
381 3095 462 3153 annis
472 3094 626 3152 sexdecim.
637 3094 729 3153 Multa
740 3093 803 3171 ejus
814 3093 870 3152 alia
881 3088 932 3150 mi·
977 3141 981 3144 .

177 3183 316 3246 rabiliora
334 3197 470 3263 expertus
483 3202 554 3243 sum.
569 3183 691 3241 Homeri
703 3183 774 3240 mihi
786 3195 847 3242 erat
860 3180 932 3239 illud
