2316 4020
293 438 541 490 CONFESSIONUM
558 439 654 486 LIBER
673 443 704 484 V.
832 437 878 490 12'5

108 569 193 608 rum.
211 545 384 627 Irrumpunt
401 548 597 628 impudenter,
616 561 645 605 et
663 569 756 627 prope
772 553 880 612 furiosa

109 644 214 700 fronte
229 637 405 717 perturbant
418 639 566 710 ordinem,
580 657 667 714 quem
686 642 809 718 quisque
832 645 879 700 di—
969 698 974 710 ,

109 731 239 808 scipulis
261 731 298 790 ad
315 731 527 808 proficiendum
541 729 709 789 instituerit.
729 735 819 792 Multa
834 737 880 792 in-

108 823 230 901 juriosa
253 822 366 880 iaciunt
388 823 462 880 mira
483 819 677 894 hebetudine,
691 836 720 880 et
733 827 879 900 punienda

110 911 247 991 legibus,
263 912 319 969 nisi
333 909 515 970 consuetudo
524 921 648 988 patrona
661 911 711 982 sit3
726 910 783 971 hoc
797 916 880 972 mise-

111 1000 211 1060 riores
226 1021 277 1059 eos
291 1000 460 1072 osteudens,
476 1019 536 1077 quo
549 998 611 1076 jam
626 1001 708 1077 quasi
723 1002 822 1072 liceat,
835 1007 880 1061 fa-

111 1095 201 1151 ciunt
212 1091 295 1170 quod
307 1111 362 1170 per
375 1103 456 1149 tuam
468 1103 605 1149 aeternam
620 1091 713 1170 legem
729 1113 879 1169 nunquam

112 1176 281 1252 licebitaet
301 1182 421 1260 impune
440 1201 472 1240 se
492 1182 588 1240 iacere
607 1180 795 1252 arbitrantur,
814 1207 879 1242 cum

113 1273 183 1350 ipsa
196 1271 326 1330 faciendi
341 1272 471 1330 caecitate
481 1272 649 1350 puniuntur,
661 1284 690 1330 et
699 1273 881 1350 incompara-

114 1361 222 1419 biliter
241 1362 391 1438 patiantur
411 1360 529 1439 pejora,
551 1375 639 1438 quarn
663 1362 780 1420 faciunt
804 1367 880 1440 Ergo

115 1471 195 1528 qnos
207 1469 321 1522 mores,
333 1471 400 1510 cum
415 1452 579 1524 studerem,
596 1471 677 1510 meos
691 1471 752 1509 esse
762 1453 843 1509 nolui
853 1452 881 1521 *3

113 1559 178 1612 eos,
195 1553 264 1598 cum
280 1541 432 1613 docerem,
443 1539 569 1618 cogebar
580 1540 695 1619 perpeti
708 1542 816 1600 alienos
830 1563 836 1595 :
853 1554 881 1598 et

114 1629 192 1688 ideo·
202 1629 341 1707 placebat
354 1630 398 1688 ir'e
413 1629 467 1688 ubi
478 1630 547 1688 talia
559 1643 619 1686 non
632 1630 710 1700 ficri,
721 1633 881 1705 omnesqui

116 1730 279 1788 noverant,
300 1715 479 1776 iudicabant.-
498 1721 607 1776 Verum
628 1729 724 1774 autem
750 1730 796 1787 tu,
815 1737 880 1793 spes

118 1821 184 1862 mea
196 1817 229 1863 et
239 1805 339 1881 portio
349 1818 415 1864 mea
422 1807 454 1861 in
468 1817 546 1860 terra
556 1803 717 1862 virentium
732 1817 754 1875 ¹,
766 1807 804 1863 ad
816 1826 881 1862 mu-

118 1893 244 1952 tandum
256 1905 402 1950 terrarum
410 1892 508 1950 locum
518 1909 573 1969 pro
584 1881 678 1951 'salute
688 1893 791 1950 animae
801 1914 881 1963 meae,

118 1994 148 2040 ct
170 1979 344 2058 Carthagini
364 1979 498 2039 stimulos
511 1977 619 2057 quibus
639 1979 708 2038 inde
730 1980 882 2052 avellerer,

117 2067 316 2141 admovebas,
335 2081 365 2127 et
381 2073 482 2128 Romae
499 2068 649 2128 illecebras
669 2068 776 2146 quibus
790 2075 882 2127 'attra-

118 2158 220 2231 herer,
235 2157 422 2237 proponebas
437 2158 510 2217 mihi
525 2176 579 2236 per
596 2158 728 2230 homines
745 2160 797 2236 qui
815 2159 883 2217 dili-

120 2249 216 2326 gunt*
231 2249 323 2307 vitam
341 2262 500 2321 mortuam,
520 2249 589 2308 hinc
610 2249 710 2308 insana
731 2251 882 2318 facientes,

119 2337 188 2397 iude
203 2357 282 2397 vana
297 2338 484 2416 pollicentes;
499 2338 579 2396 etad
598 2338 785 2416 corrigendos
800 2357 881 2416 gres—

119 2445 169 2486 sus
190 2447 276 2486 meos
292 2427 423 2486 utebaris
440 2427 556 2487 occulte
579 2437 612 2486 et'
631 2428 748 2486 illorum
769 2441 798 2485 et
818 2448 883 2484 mea

122 2519 327 2594 peruersitate.
346 2523 417 2576 Nam
436 2531 467 2576 et
486 2520 538 2597 qui
555 2517 768 2597 perturbabunt
791 2521 889 2577 otium·

123 2622 238 2679 meum,
248 2607 327 2666 foeda·
340 2606 421 2666 rabie
431 2609 501 2667 caeci
510 2620 608 2680 erant3
620 2609 710 2685 etqui
721 2609 884 2666 invitabant

121 2694 158 2752 ad
167 2696 266 2768 aliud,
279 2710 389 2754 terram
398 2697 557 2775 sapiebant
575 2697 749 2776 Ego'autem
764 2697 816 2772 qui
832 2697 881 2752 de-

126 2786 254 2846 testabar
274 2785 322 2844 hic
338 2805 438 2846 veram
452 2786 614 2858 miseriam,
628 2785 688 2844 illic
708 2785 808 2844 falsam
824 2786 884 2843 fell-

125 2871 241 2932 citatem
254 2873 438 2951 appetebam.

167 2964 212 3020 15.
224 2962 281 3021 Sed
296 2983 387 3040 quare
402 2963 469 3022 hinc
484 2962 609 3036 abirem,
625 2976 654 3024 et
667 2965 741 3023 illuc·
749 2965 836 3036 irem,
851 2977 882 3020 tu

163 3145 171 3170 ¹
182 3139 244 3188 Pral.
253 3155 322 3198 exer,
335 3145 359 3189 6.
