<?xml version="1.0" encoding="UTF-8"?>
<!DOCTYPE html PUBLIC "-//W3C//DTD XHTML 1.0 Transitional//EN"
    "http://www.w3.org/TR/xhtml1/DTD/xhtml1-transitional.dtd">
<html xmlns="http://www.w3.org/1999/xhtml" xml:lang="en" lang="en">
 <head>
  <title>
</title>
<meta http-equiv="Content-Type" content="text/html;charset=utf-8" />
  <meta name='ocr-system' content='tesseract 3.04.00' />
  <meta name='ocr-capabilities' content='ocr_page ocr_carea ocr_par ocr_line ocrx_word'/>
</head>
<body>
  <div class='ocr_page' id='page_1' title='image "./confessionumlib00maugoog_0041.png"; bbox 0 0 2326 4020; ppageno 0'>
   <div class='ocr_carea' id='block_1_1' title="bbox 347 457 928 508">
    <p class='ocr_par' dir='ltr' id='par_1_1' title="bbox 347 457 928 508">
     <span class='ocr_line' id='line_1_1' title="bbox 347 457 928 508; baseline -0.003 -2"><span class='ocrx_word' id='word_1_1' title='bbox 347 457 599 508; x_wconf 76' lang='lat' dir='ltr'><strong>GONFESSIONUM</strong></span> <span class='ocrx_word' id='word_1_2' title='bbox 617 459 712 508; x_wconf 80' lang='lat' dir='ltr'>LIBER</span> <span class='ocrx_word' id='word_1_3' title='bbox 731 463 750 506; x_wconf 89' lang='lat' dir='ltr'><strong>l.</strong></span> <span class='ocrx_word' id='word_1_4' title='bbox 896 460 928 504; x_wconf 79' lang='lat'><strong>29</strong></span> 
     </span>
    </p>
   </div>
   <div class='ocr_carea' id='block_1_2' title="bbox 166 557 930 814">
    <p class='ocr_par' dir='ltr' id='par_1_2' title="bbox 166 557 930 814">
     <span class='ocr_line' id='line_1_2' title="bbox 166 557 930 634; baseline -0.001 -18"><span class='ocrx_word' id='word_1_5' title='bbox 166 560 292 629; x_wconf 83' lang='lat' dir='ltr'>bantur,</span> <span class='ocrx_word' id='word_1_6' title='bbox 307 571 431 617; x_wconf 88' lang='lat' dir='ltr'><strong>noverat</strong></span> <span class='ocrx_word' id='word_1_7' title='bbox 451 577 500 615; x_wconf 91' lang='lat' dir='ltr'><strong>eos</strong></span> <span class='ocrx_word' id='word_1_8' title='bbox 517 557 578 634; x_wconf 87' lang='lat' dir='ltr'><strong>jam</strong></span> <span class='ocrx_word' id='word_1_9' title='bbox 592 559 641 616; x_wconf 92' lang='lat' dir='ltr'><strong>illa</strong></span> <span class='ocrx_word' id='word_1_10' title='bbox 654 572 762 631; x_wconf 82' lang='lat' dir='ltr'><strong>mater3</strong></span> <span class='ocrx_word' id='word_1_11' title='bbox 778 571 808 616; x_wconf 88' lang='lat' dir='ltr'><strong>et</strong></span> <span class='ocrx_word' id='word_1_12' title='bbox 823 570 930 616; x_wconf 87' lang='lat' dir='ltr'><strong>terram</strong></span> 
     </span>
     <span class='ocr_line' id='line_1_3' title="bbox 166 647 930 726; baseline -0.003 -20"><span class='ocrx_word' id='word_1_13' title='bbox 166 659 221 726; x_wconf 85' lang='lat' dir='ltr'><strong>per</strong></span> <span class='ocrx_word' id='word_1_14' title='bbox 240 668 291 706; x_wconf 89' lang='lat' dir='ltr'><strong>eos</strong></span> <span class='ocrx_word' id='word_1_15' title='bbox 304 648 318 672; x_wconf 86' lang='lat'><em>*</em></span> <span class='ocrx_word' id='word_1_16' title='bbox 333 647 409 706; x_wconf 85' lang='lat' dir='ltr'><strong>unde</strong></span> <span class='ocrx_word' id='word_1_17' title='bbox 428 659 530 724; x_wconf 85' lang='lat' dir='ltr'><strong>postea</strong></span> <span class='ocrx_word' id='word_1_18' title='bbox 553 647 710 720; x_wconf 86' lang='lat' dir='ltr'><strong>formarer,</strong></span> <span class='ocrx_word' id='word_1_19' title='bbox 730 667 818 725; x_wconf 91' lang='lat' dir='ltr'><strong>quam</strong></span> <span class='ocrx_word' id='word_1_20' title='bbox 836 647 930 726; x_wconf 80' lang='lat' dir='ltr'><strong>ipsam</strong></span> 
     </span>
     <span class='ocr_line' id='line_1_4' title="bbox 166 737 705 814; baseline -0.006 -18"><span class='ocrx_word' id='word_1_21' title='bbox 166 739 226 814; x_wconf 84' lang='lat' dir='ltr'><strong>jam</strong></span> <span class='ocrx_word' id='word_1_22' title='bbox 242 739 366 814; x_wconf 67' lang='lat' dir='ltr'><strong>effigiem</strong></span> <span class='ocrx_word' id='word_1_23' title='bbox 384 738 567 796; x_wconf 84' lang='lat' dir='ltr'><strong>committere</strong></span> <span class='ocrx_word' id='word_1_24' title='bbox 577 737 705 796; x_wconf 89' lang='lat' dir='ltr'><strong>volebat.</strong></span> 
     </span>
    </p>
   </div>
   <div class='ocr_carea' id='block_1_3' title="bbox 436 908 665 970">
    <p class='ocr_par' dir='ltr' id='par_1_3' title="bbox 436 908 665 970">
     <span class='ocr_line' id='line_1_5' title="bbox 436 908 665 970; baseline -0.004 -1"><span class='ocrx_word' id='word_1_25' title='bbox 436 908 571 970; x_wconf 88' lang='lat' dir='ltr'><strong>CAPUT</strong></span> <span class='ocrx_word' id='word_1_26' title='bbox 591 909 665 970; x_wconf 86' lang='lat' dir='ltr'>XII.</span> 
     </span>
    </p>
   </div>
   <div class='ocr_carea' id='block_1_4' title="bbox 173 1065 927 1131">
    <p class='ocr_par' dir='ltr' id='par_1_4' title="bbox 173 1065 927 1131">
     <span class='ocr_line' id='line_1_6' title="bbox 173 1065 927 1131; baseline 0.003 -17"><span class='ocrx_word' id='word_1_27' title='bbox 173 1066 212 1114; x_wconf 82' lang='lat' dir='ltr'><strong>Ad</strong></span> <span class='ocrx_word' id='word_1_28' title='bbox 228 1065 319 1114; x_wconf 78' lang='lat' dir='ltr'>litteras</span> <span class='ocrx_word' id='word_1_29' title='bbox 335 1065 475 1131; x_wconf 79' lang='lat' dir='ltr'>cogebatur,</span> <span class='ocrx_word' id='word_1_30' title='bbox 490 1081 538 1130; x_wconf 90' lang='lat' dir='ltr'><strong>quo</strong></span> <span class='ocrx_word' id='word_1_31' title='bbox 554 1073 633 1116; x_wconf 83' lang='lat' dir='ltr'><strong>tamen</strong></span> <span class='ocrx_word' id='word_1_32' title='bbox 646 1069 713 1116; x_wconf 88' lang='lat' dir='ltr'><strong>Deus</strong></span> <span class='ocrx_word' id='word_1_33' title='bbox 730 1066 844 1116; x_wconf 86' lang='lat' dir='ltr'><strong>utebatur</strong></span> <span class='ocrx_word' id='word_1_34' title='bbox 856 1067 927 1116; x_wconf 88' lang='lat' dir='ltr'><strong>bene.</strong></span> 
     </span>
    </p>
   </div>
   <div class='ocr_carea' id='block_1_5' title="bbox 166 1207 930 3083">
    <p class='ocr_par' dir='ltr' id='par_1_5' title="bbox 166 1207 930 3083">
     <span class='ocr_line' id='line_1_7' title="bbox 214 1207 930 1285; baseline 0.001 -22"><span class='ocrx_word' id='word_1_35' title='bbox 214 1208 259 1264; x_wconf 87' lang='lat'><strong>19.</strong></span> <span class='ocrx_word' id='word_1_36' title='bbox 272 1211 306 1264; x_wconf 82' lang='lat' dir='ltr'><strong>[n</strong></span> <span class='ocrx_word' id='word_1_37' title='bbox 324 1207 388 1285; x_wconf 78' lang='lat' dir='ltr'><strong>ipsa</strong></span> <span class='ocrx_word' id='word_1_38' title='bbox 402 1220 498 1265; x_wconf 76' lang='lat' dir='ltr'><strong>minen</strong></span> <span class='ocrx_word' id='word_1_39' title='bbox 511 1207 653 1285; x_wconf 87' lang='lat' dir='ltr'><strong>pueritia,</strong></span> <span class='ocrx_word' id='word_1_40' title='bbox 667 1208 703 1266; x_wconf 91' lang='lat' dir='ltr'><strong>de</strong></span> <span class='ocrx_word' id='word_1_41' title='bbox 717 1227 775 1285; x_wconf 89' lang='lat' dir='ltr'><strong>qua</strong></span> <span class='ocrx_word' id='word_1_42' title='bbox 790 1208 862 1266; x_wconf 90' lang='lat' dir='ltr'><strong>mihi</strong></span> <span class='ocrx_word' id='word_1_43' title='bbox 874 1209 930 1266; x_wconf 93' lang='lat' dir='ltr'><strong>mi-</strong></span> 
     </span>
     <span class='ocr_line' id='line_1_8' title="bbox 169 1298 930 1374; baseline 0.004 -19"><span class='ocrx_word' id='word_1_44' title='bbox 169 1319 225 1355; x_wconf 92' lang='lat' dir='ltr'><strong>nus</strong></span> <span class='ocrx_word' id='word_1_45' title='bbox 246 1314 334 1374; x_wconf 88' lang='lat' dir='ltr'><strong>quam</strong></span> <span class='ocrx_word' id='word_1_46' title='bbox 360 1298 396 1356; x_wconf 90' lang='lat' dir='ltr'><strong>de</strong></span> <span class='ocrx_word' id='word_1_47' title='bbox 423 1298 618 1357; x_wconf 87' lang='lat' dir='ltr'><strong>adolescentia</strong></span> <span class='ocrx_word' id='word_1_48' title='bbox 639 1299 842 1369; x_wconf 86' lang='lat' dir='ltr'><strong>metuebatur,</strong></span> <span class='ocrx_word' id='word_1_49' title='bbox 869 1302 930 1358; x_wconf 82' lang='lat' dir='ltr'><strong>uoti</strong></span> 
     </span>
     <span class='ocr_line' id='line_1_9' title="bbox 169 1387 929 1467; baseline 0.003 -23"><span class='ocrx_word' id='word_1_50' title='bbox 169 1387 303 1448; x_wconf 82' lang='lat' dir='ltr'><strong>amabam</strong></span> <span class='ocrx_word' id='word_1_51' title='bbox 316 1389 442 1460; x_wconf 83' lang='lat' dir='ltr'><strong>litteras,</strong></span> <span class='ocrx_word' id='word_1_52' title='bbox 459 1401 489 1446; x_wconf 88' lang='lat' dir='ltr'><strong>et</strong></span> <span class='ocrx_word' id='word_1_53' title='bbox 504 1408 552 1446; x_wconf 89' lang='lat' dir='ltr'><strong>me</strong></span> <span class='ocrx_word' id='word_1_54' title='bbox 564 1391 594 1448; x_wconf 91' lang='lat' dir='ltr'><strong>in</strong></span> <span class='ocrx_word' id='word_1_55' title='bbox 608 1408 656 1448; x_wconf 87' lang='lat' dir='ltr'><strong>cas</strong></span> <span class='ocrx_word' id='word_1_56' title='bbox 675 1391 774 1467; x_wconf 84' lang='lat' dir='ltr'><strong>urgeri</strong></span> <span class='ocrx_word' id='word_1_57' title='bbox 792 1389 929 1459; x_wconf 87' lang='lat' dir='ltr'><strong>oderam;</strong></span> 
     </span>
     <span class='ocr_line' id='line_1_10' title="bbox 168 1477 929 1556; baseline -0.004 -20"><span class='ocrx_word' id='word_1_58' title='bbox 168 1492 198 1536; x_wconf 88' lang='lat' dir='ltr'><strong>et</strong></span> <span class='ocrx_word' id='word_1_59' title='bbox 210 1477 339 1556; x_wconf 83' lang='lat' dir='ltr'><strong>urgebar</strong></span> <span class='ocrx_word' id='word_1_60' title='bbox 354 1491 469 1550; x_wconf 87' lang='lat' dir='ltr'><strong>tamen,</strong></span> <span class='ocrx_word' id='word_1_61' title='bbox 484 1490 512 1536; x_wconf 89' lang='lat' dir='ltr'><strong>et</strong></span> <span class='ocrx_word' id='word_1_62' title='bbox 523 1477 598 1538; x_wconf 90' lang='lat' dir='ltr'><strong>bene</strong></span> <span class='ocrx_word' id='word_1_63' title='bbox 612 1479 684 1538; x_wconf 92' lang='lat' dir='ltr'><strong>mihi</strong></span> <span class='ocrx_word' id='word_1_64' title='bbox 699 1478 804 1549; x_wconf 79' lang='lat' dir='ltr'><strong>tiebat,</strong></span> <span class='ocrx_word' id='word_1_65' title='bbox 816 1498 871 1536; x_wconf 87' lang='lat' dir='ltr'><strong>nec</strong></span> <span class='ocrx_word' id='word_1_66' title='bbox 885 1479 929 1534; x_wconf 86' lang='lat' dir='ltr'><strong>la-</strong></span> 
     </span>
     <span class='ocr_line' id='line_1_11' title="bbox 168 1567 929 1648; baseline 0 -23"><span class='ocrx_word' id='word_1_67' title='bbox 168 1568 284 1627; x_wconf 79' lang='lat' dir='ltr'><strong>aiebam</strong></span> <span class='ocrx_word' id='word_1_68' title='bbox 299 1589 353 1648; x_wconf 82' lang='lat' dir='ltr'><strong>ego</strong></span> <span class='ocrx_word' id='word_1_69' title='bbox 366 1567 462 1628; x_wconf 87' lang='lat' dir='ltr'><strong>bene:</strong></span> <span class='ocrx_word' id='word_1_70' title='bbox 478 1577 537 1628; x_wconf 80' lang='lat' dir='ltr'><strong>uon</strong></span> <span class='ocrx_word' id='word_1_71' title='bbox 553 1570 629 1628; x_wconf 86' lang='lat' dir='ltr'><strong>enim</strong></span> <span class='ocrx_word' id='word_1_72' title='bbox 640 1569 796 1640; x_wconf 87' lang='lat' dir='ltr'><strong>discerem,</strong></span> <span class='ocrx_word' id='word_1_73' title='bbox 813 1569 866 1626; x_wconf 91' lang='lat' dir='ltr'><strong>nisi</strong></span> <span class='ocrx_word' id='word_1_74' title='bbox 878 1575 929 1626; x_wconf 92' lang='lat' dir='ltr'><strong>co-</strong></span> 
     </span>
     <span class='ocr_line' id='line_1_12' title="bbox 168 1661 928 1736; baseline -0.003 -18"><span class='ocrx_word' id='word_1_75' title='bbox 168 1680 263 1736; x_wconf 80' lang='lat' dir='ltr'><strong>gerer.</strong></span> <span class='ocrx_word' id='word_1_76' title='bbox 283 1665 375 1718; x_wconf 90' lang='lat' dir='ltr'><strong>Nemo</strong></span> <span class='ocrx_word' id='word_1_77' title='bbox 396 1671 494 1718; x_wconf 87' lang='lat' dir='ltr'><strong>autem</strong></span> <span class='ocrx_word' id='word_1_78' title='bbox 512 1661 620 1719; x_wconf 88' lang='lat' dir='ltr'><strong>invitus</strong></span> <span class='ocrx_word' id='word_1_79' title='bbox 640 1661 716 1719; x_wconf 89' lang='lat' dir='ltr'><strong>bene</strong></span> <span class='ocrx_word' id='word_1_80' title='bbox 738 1661 822 1730; x_wconf 88' lang='lat' dir='ltr'><strong>facit,</strong></span> <span class='ocrx_word' id='word_1_81' title='bbox 842 1661 928 1717; x_wconf 88' lang='lat' dir='ltr'><strong>etiam</strong></span> 
     </span>
     <span class='ocr_line' id='line_1_13' title="bbox 167 1745 928 1827; baseline -0.004 -21"><span class='ocrx_word' id='word_1_82' title='bbox 167 1750 191 1806; x_wconf 91' lang='lat' dir='ltr'><strong>si</strong></span> <span class='ocrx_word' id='word_1_83' title='bbox 206 1749 318 1807; x_wconf 87' lang='lat' dir='ltr'><strong>bonurn</strong></span> <span class='ocrx_word' id='word_1_84' title='bbox 330 1762 373 1808; x_wconf 88' lang='lat' dir='ltr'><strong>est</strong></span> <span class='ocrx_word' id='word_1_85' title='bbox 387 1748 468 1827; x_wconf 91' lang='lat' dir='ltr'><strong>quod</strong></span> <span class='ocrx_word' id='word_1_86' title='bbox 480 1750 557 1808; x_wconf 85' lang='lat' dir='ltr'><strong>facit.</strong></span> <span class='ocrx_word' id='word_1_87' title='bbox 572 1754 634 1806; x_wconf 86' lang='lat' dir='ltr'><strong>Nee</strong></span> <span class='ocrx_word' id='word_1_88' title='bbox 647 1751 698 1825; x_wconf 90' lang='lat' dir='ltr'><strong>qui</strong></span> <span class='ocrx_word' id='word_1_89' title='bbox 714 1769 760 1806; x_wconf 89' lang='lat' dir='ltr'><strong>me</strong></span> <span class='ocrx_word' id='word_1_90' title='bbox 774 1745 928 1825; x_wconf 80' lang='lat' dir='ltr'><strong>urgebant,</strong></span> 
     </span>
     <span class='ocr_line' id='line_1_14' title="bbox 167 1826 928 1918; baseline -0.004 -21"><span class='ocrx_word' id='word_1_91' title='bbox 167 1839 246 1918; x_wconf 82' lang='lat' dir='ltr'><strong>bene</strong></span> <span class='ocrx_word' id='word_1_92' title='bbox 263 1826 424 1911; x_wconf 82' lang='lat' dir='ltr'><strong>faciebant3</strong></span> <span class='ocrx_word' id='word_1_93' title='bbox 443 1839 493 1897; x_wconf 87' lang='lat' dir='ltr'><strong>sed</strong></span> <span class='ocrx_word' id='word_1_94' title='bbox 511 1838 587 1898; x_wconf 91' lang='lat' dir='ltr'><strong>bene</strong></span> <span class='ocrx_word' id='word_1_95' title='bbox 609 1838 681 1896; x_wconf 92' lang='lat' dir='ltr'><strong>mihi</strong></span> <span class='ocrx_word' id='word_1_96' title='bbox 701 1836 789 1896; x_wconf 85' lang='lat' dir='ltr'><strong>fiebat</strong></span> <span class='ocrx_word' id='word_1_97' title='bbox 810 1836 862 1894; x_wconf 91' lang='lat' dir='ltr'><strong>abs</strong></span> <span class='ocrx_word' id='word_1_98' title='bbox 883 1849 928 1907; x_wconf 92' lang='lat' dir='ltr'><strong>te,</strong></span> 
     </span>
     <span class='ocr_line' id='line_1_15' title="bbox 168 1924 927 2003; baseline -0.003 -20"><span class='ocrx_word' id='word_1_99' title='bbox 168 1930 251 1984; x_wconf 89' lang='lat' dir='ltr'><strong>Dens</strong></span> <span class='ocrx_word' id='word_1_100' title='bbox 264 1946 353 1986; x_wconf 88' lang='lat' dir='ltr'><strong>meus.</strong></span> <span class='ocrx_word' id='word_1_101' title='bbox 368 1927 423 1986; x_wconf 87' lang='lat' dir='ltr'><strong>Illi</strong></span> <span class='ocrx_word' id='word_1_102' title='bbox 433 1924 788 1996; x_wconf 82' lang='lat' dir='ltr'><strong>enim&#39;nonintuebantnr</strong></span> <span class='ocrx_word' id='word_1_103' title='bbox 807 1945 866 2003; x_wconf 90' lang='lat' dir='ltr'><strong>quo</strong></span> <span class='ocrx_word' id='word_1_104' title='bbox 881 1933 927 1982; x_wconf 77' lang='lat' dir='ltr'><strong>re&#39;-</strong></span> 
     </span>
     <span class='ocr_line' id='line_1_16' title="bbox 167 2015 926 2101; baseline 0.001 -28"><span class='ocrx_word' id='word_1_105' title='bbox 167 2016 276 2101; x_wconf 62' lang='lat' dir='ltr'><strong>ferrost</strong></span> <span class='ocrx_word' id='word_1_106' title='bbox 284 2016 297 2042; x_wconf 80' lang='lat'><strong>*</strong></span> <span class='ocrx_word' id='word_1_107' title='bbox 307 2016 387 2094; x_wconf 85' lang='lat' dir='ltr'><strong>quod</strong></span> <span class='ocrx_word' id='word_1_108' title='bbox 395 2025 441 2074; x_wconf 83' lang='lat' dir='ltr'><strong>ine</strong></span> <span class='ocrx_word' id='word_1_109' title='bbox 450 2017 562 2076; x_wconf 85' lang='lat' dir='ltr'><strong>discere</strong></span> <span class='ocrx_word' id='word_1_110' title='bbox 573 2015 725 2096; x_wconf 84' lang='lat' dir='ltr'><strong>cogebant,</strong></span> <span class='ocrx_word' id='word_1_111' title='bbox 732 2027 926 2094; x_wconf 86' lang='lat' dir='ltr'><strong>praeterqnam</strong></span> 
     </span>
     <span class='ocr_line' id='line_1_17' title="bbox 166 2101 927 2186; baseline 0 -22"><span class='ocrx_word' id='word_1_112' title='bbox 166 2107 207 2164; x_wconf 93' lang='lat' dir='ltr'><strong>ad</strong></span> <span class='ocrx_word' id='word_1_113' title='bbox 231 2108 377 2168; x_wconf 86' lang='lat' dir='ltr'><strong>satiandas</strong></span> <span class='ocrx_word' id='word_1_114' title='bbox 398 2101 577 2168; x_wconf 83' lang='lat' dir='ltr'><strong>insatiabiles</strong></span> <span class='ocrx_word' id='word_1_115' title='bbox 601 2108 774 2186; x_wconf 85' lang='lat' dir='ltr'><strong>cupiditates</strong></span> <span class='ocrx_word' id='word_1_116' title='bbox 802 2109 927 2184; x_wconf 77' lang='lat' dir='ltr'><strong>copiosae</strong></span> 
     </span>
     <span class='ocr_line' id='line_1_18' title="bbox 167 2198 927 2278; baseline 0.005 -24"><span class='ocrx_word' id='word_1_117' title='bbox 167 2198 274 2275; x_wconf 78' lang='lat' dir='ltr'><strong>inopiae</strong></span> <span class='ocrx_word' id='word_1_118' title='bbox 292 2212 321 2258; x_wconf 89' lang='lat' dir='ltr'><strong>ct</strong></span> <span class='ocrx_word' id='word_1_119' title='bbox 336 2199 534 2278; x_wconf 79' lang='lat' dir='ltr'><strong>ignominiosae</strong></span> <span class='ocrx_word' id='word_1_120' title='bbox 547 2199 655 2278; x_wconf 78' lang='lat' dir='ltr'><strong>gloriae.</strong></span> <span class='ocrx_word' id='word_1_121' title='bbox 670 2203 714 2258; x_wconf 89' lang='lat' dir='ltr'><strong>Tu</strong></span> <span class='ocrx_word' id='word_1_122' title='bbox 728 2217 800 2258; x_wconf 87' lang='lat' dir='ltr'><strong>vero</strong></span> <span class='ocrx_word' id='word_1_123' title='bbox 814 2199 863 2257; x_wconf 87' lang='lat' dir='ltr'><strong>cni</strong></span> <span class='ocrx_word' id='word_1_124' title='bbox 875 2217 927 2258; x_wconf 87' lang='lat' dir='ltr'><strong>uu-</strong></span> 
     </span>
     <span class='ocr_line' id='line_1_19' title="bbox 166 2290 928 2369; baseline 0 -23"><span class='ocrx_word' id='word_1_125' title='bbox 166 2290 272 2348; x_wconf 89' lang='lat' dir='ltr'><strong>merati</strong></span> <span class='ocrx_word' id='word_1_126' title='bbox 282 2303 351 2348; x_wconf 91' lang='lat' dir='ltr'><strong>sunt</strong></span> <span class='ocrx_word' id='word_1_127' title='bbox 360 2291 458 2369; x_wconf 86' lang='lat' dir='ltr'><strong>capilli</strong></span> <span class='ocrx_word' id='word_1_128' title='bbox 470 2291 572 2368; x_wconf 85' lang='lat' dir='ltr'><strong>capitis</strong></span> <span class='ocrx_word' id='word_1_129' title='bbox 583 2290 674 2349; x_wconf 85' lang='lat' dir='ltr'><strong>nostri</strong></span> <span class='ocrx_word' id='word_1_130' title='bbox 686 2300 710 2361; x_wconf 79' lang='lat'><strong>¹,</strong></span> <span class='ocrx_word' id='word_1_131' title='bbox 723 2309 823 2348; x_wconf 83' lang='lat' dir='ltr'><strong>errore</strong></span> <span class='ocrx_word' id='word_1_132' title='bbox 836 2290 928 2347; x_wconf 88' lang='lat' dir='ltr'><strong>omni-</strong></span> 
     </span>
     <span class='ocr_line' id='line_1_20' title="bbox 169 2373 926 2456; baseline -0.004 -16"><span class='ocrx_word' id='word_1_133' title='bbox 169 2373 219 2440; x_wconf 88' lang='lat' dir='ltr'><strong>um</strong></span> <span class='ocrx_word' id='word_1_134' title='bbox 232 2383 284 2456; x_wconf 90' lang='lat' dir='ltr'><strong>qui</strong></span> <span class='ocrx_word' id='word_1_135' title='bbox 296 2383 368 2442; x_wconf 90' lang='lat' dir='ltr'><strong>mihi</strong></span> <span class='ocrx_word' id='word_1_136' title='bbox 379 2381 526 2442; x_wconf 86' lang='lat' dir='ltr'><strong>instabant</strong></span> <span class='ocrx_word' id='word_1_137' title='bbox 539 2396 572 2442; x_wconf 91' lang='lat' dir='ltr'><strong>nt</strong></span> <span class='ocrx_word' id='word_1_138' title='bbox 584 2382 734 2454; x_wconf 86' lang='lat' dir='ltr'><strong>discerem,</strong></span> <span class='ocrx_word' id='word_1_139' title='bbox 746 2381 875 2439; x_wconf 85' lang='lat' dir='ltr'><strong>utebaris</strong></span> <span class='ocrx_word' id='word_1_140' title='bbox 890 2380 926 2437; x_wconf 86' lang='lat' dir='ltr'><strong>ad</strong></span> 
     </span>
     <span class='ocr_line' id='line_1_21' title="bbox 168 2469 925 2548; baseline 0.003 -22"><span class='ocrx_word' id='word_1_141' title='bbox 168 2469 324 2528; x_wconf 85' lang='lat' dir='ltr'><strong>utilitatem</strong></span> <span class='ocrx_word' id='word_1_142' title='bbox 339 2489 450 2542; x_wconf 90' lang='lat' dir='ltr'><strong>meam;</strong></span> <span class='ocrx_word' id='word_1_143' title='bbox 465 2489 531 2530; x_wconf 89' lang='lat' dir='ltr'><strong>meo</strong></span> <span class='ocrx_word' id='word_1_144' title='bbox 546 2481 656 2544; x_wconf 85' lang='lat' dir='ltr'><strong>autem,</strong></span> <span class='ocrx_word' id='word_1_145' title='bbox 674 2472 725 2548; x_wconf 88' lang='lat' dir='ltr'><strong>qui</strong></span> <span class='ocrx_word' id='word_1_146' title='bbox 741 2471 853 2528; x_wconf 85' lang='lat' dir='ltr'><strong>discere</strong></span> <span class='ocrx_word' id='word_1_147' title='bbox 870 2491 925 2528; x_wconf 83' lang='lat' dir='ltr'><strong>no—</strong></span> 
     </span>
     <span class='ocr_line' id='line_1_22' title="bbox 169 2558 927 2638; baseline 0.001 -22"><span class='ocrx_word' id='word_1_148' title='bbox 169 2558 281 2630; x_wconf 88' lang='lat' dir='ltr'><strong>lebam,</strong></span> <span class='ocrx_word' id='word_1_149' title='bbox 296 2559 427 2619; x_wconf 86' lang='lat' dir='ltr'><strong>utebaris</strong></span> <span class='ocrx_word' id='word_1_150' title='bbox 447 2561 484 2620; x_wconf 85' lang='lat' dir='ltr'><strong>ad</strong></span> <span class='ocrx_word' id='word_1_151' title='bbox 503 2581 618 2638; x_wconf 88' lang='lat' dir='ltr'><strong>poenam</strong></span> <span class='ocrx_word' id='word_1_152' title='bbox 636 2579 743 2632; x_wconf 88' lang='lat' dir='ltr'><strong>meam,</strong></span> <span class='ocrx_word' id='word_1_153' title='bbox 765 2579 824 2636; x_wconf 91' lang='lat' dir='ltr'><strong>qua</strong></span> <span class='ocrx_word' id='word_1_154' title='bbox 837 2561 927 2638; x_wconf 85' lang='lat' dir='ltr'><strong>plecti</strong></span> 
     </span>
     <span class='ocr_line' id='line_1_23' title="bbox 168 2649 927 2728; baseline 0.003 -22"><span class='ocrx_word' id='word_1_155' title='bbox 168 2669 227 2707; x_wconf 91' lang='lat' dir='ltr'><strong>non</strong></span> <span class='ocrx_word' id='word_1_156' title='bbox 241 2669 320 2708; x_wconf 89' lang='lat' dir='ltr'><strong>eram</strong></span> <span class='ocrx_word' id='word_1_157' title='bbox 329 2649 466 2728; x_wconf 82' lang='lat' dir='ltr'><strong>indignus</strong></span> <span class='ocrx_word' id='word_1_158' title='bbox 479 2649 605 2708; x_wconf 89' lang='lat' dir='ltr'><strong>tantillus</strong></span> <span class='ocrx_word' id='word_1_159' title='bbox 617 2669 692 2727; x_wconf 90' lang='lat' dir='ltr'><strong>puer</strong></span> <span class='ocrx_word' id='word_1_160' title='bbox 705 2661 735 2708; x_wconf 90' lang='lat' dir='ltr'><strong>et</strong></span> <span class='ocrx_word' id='word_1_161' title='bbox 743 2662 839 2708; x_wconf 89' lang='lat' dir='ltr'><strong>tantus</strong></span> <span class='ocrx_word' id='word_1_162' title='bbox 856 2669 927 2728; x_wconf 85' lang='lat' dir='ltr'><strong>pec-</strong></span> 
     </span>
     <span class='ocr_line' id='line_1_24' title="bbox 168 2735 925 2804; baseline -0.001 -6"><span class='ocrx_word' id='word_1_163' title='bbox 168 2735 258 2798; x_wconf 66' lang='lat' dir='ltr'><strong>cator.</strong></span> <span class='ocrx_word' id='word_1_164' title='bbox 274 2745 327 2804; x_wconf 77' lang='lat' dir='ltr'><strong>Ita,</strong></span> <span class='ocrx_word' id='word_1_165' title='bbox 337 2740 373 2798; x_wconf 90' lang='lat' dir='ltr'><strong>de</strong></span> <span class='ocrx_word' id='word_1_166' title='bbox 389 2760 447 2799; x_wconf 91' lang='lat' dir='ltr'><strong>non</strong></span> <span class='ocrx_word' id='word_1_167' title='bbox 464 2739 538 2798; x_wconf 89' lang='lat' dir='ltr'><strong>bene</strong></span> <span class='ocrx_word' id='word_1_168' title='bbox 554 2738 729 2798; x_wconf 86' lang='lat' dir='ltr'><strong>facientibus</strong></span> <span class='ocrx_word' id='word_1_169' title='bbox 743 2750 774 2797; x_wconf 89' lang='lat' dir='ltr'><strong>tu</strong></span> <span class='ocrx_word' id='word_1_170' title='bbox 789 2739 866 2796; x_wconf 87' lang='lat' dir='ltr'><strong>bene</strong></span> <span class='ocrx_word' id='word_1_171' title='bbox 879 2742 925 2798; x_wconf 90' lang='lat' dir='ltr'><strong>fa-</strong></span> 
     </span>
     <span class='ocr_line' id='line_1_25' title="bbox 167 2829 926 2909; baseline 0 -21"><span class='ocrx_word' id='word_1_172' title='bbox 167 2831 264 2890; x_wconf 88' lang='lat' dir='ltr'><strong>ciebas</strong></span> <span class='ocrx_word' id='word_1_173' title='bbox 279 2831 368 2903; x_wconf 86' lang='lat' dir='ltr'><strong>mihi;</strong></span> <span class='ocrx_word' id='word_1_174' title='bbox 382 2843 411 2890; x_wconf 90' lang='lat' dir='ltr'><strong>et</strong></span> <span class='ocrx_word' id='word_1_175' title='bbox 428 2832 464 2890; x_wconf 88' lang='lat' dir='ltr'><strong>de</strong></span> <span class='ocrx_word' id='word_1_176' title='bbox 476 2843 615 2909; x_wconf 82' lang='lat' dir='ltr'><strong>peccante</strong></span> <span class='ocrx_word' id='word_1_177' title='bbox 627 2829 739 2908; x_wconf 88' lang='lat' dir='ltr'><strong>meipso</strong></span> <span class='ocrx_word' id='word_1_178' title='bbox 748 2829 825 2906; x_wconf 85' lang='lat' dir='ltr'><strong>juste</strong></span> <span class='ocrx_word' id='word_1_179' title='bbox 840 2832 926 2888; x_wconf 82' lang='lat' dir='ltr'><strong>retri-</strong></span> 
     </span>
     <span class='ocr_line' id='line_1_26' title="bbox 166 2919 925 2998; baseline 0.003 -22"><span class='ocrx_word' id='word_1_180' title='bbox 166 2919 280 2979; x_wconf 88' lang='lat' dir='ltr'><strong>buebas</strong></span> <span class='ocrx_word' id='word_1_181' title='bbox 294 2920 376 2978; x_wconf 88' lang='lat' dir='ltr'><strong>mihi.</strong></span> <span class='ocrx_word' id='word_1_182' title='bbox 390 2921 505 2981; x_wconf 79' lang='lat' dir='ltr'><strong>iussisti</strong></span> <span class='ocrx_word' id='word_1_183' title='bbox 519 2921 614 2994; x_wconf 84' lang='lat' dir='ltr'><strong>enim,</strong></span> <span class='ocrx_word' id='word_1_184' title='bbox 629 2933 659 2978; x_wconf 92' lang='lat' dir='ltr'><strong>et</strong></span> <span class='ocrx_word' id='word_1_185' title='bbox 668 2921 709 2980; x_wconf 90' lang='lat' dir='ltr'><strong>sic</strong></span> <span class='ocrx_word' id='word_1_186' title='bbox 724 2933 780 2993; x_wconf 90' lang='lat' dir='ltr'><strong>est,</strong></span> <span class='ocrx_word' id='word_1_187' title='bbox 795 2934 828 2978; x_wconf 88' lang='lat' dir='ltr'><strong>ut</strong></span> <span class='ocrx_word' id='word_1_188' title='bbox 838 2941 925 2998; x_wconf 86' lang='lat' dir='ltr'><strong>poena</strong></span> 
     </span>
     <span class='ocr_line' id='line_1_27' title="bbox 167 3009 802 3083; baseline 0 -17"><span class='ocrx_word' id='word_1_189' title='bbox 167 3028 221 3067; x_wconf 88' lang='lat' dir='ltr'><strong>sna</strong></span> <span class='ocrx_word' id='word_1_190' title='bbox 239 3009 296 3083; x_wconf 90' lang='lat' dir='ltr'><strong>sibi</strong></span> <span class='ocrx_word' id='word_1_191' title='bbox 312 3009 349 3068; x_wconf 88' lang='lat' dir='ltr'><strong>sit</strong></span> <span class='ocrx_word' id='word_1_192' title='bbox 368 3011 461 3070; x_wconf 90' lang='lat' dir='ltr'><strong>omnis</strong></span> <span class='ocrx_word' id='word_1_193' title='bbox 480 3009 802 3072; x_wconf 81' lang='lat' dir='ltr'><strong>inordinatusanimns.</strong></span> 
     </span>
    </p>
   </div>
   <div class='ocr_carea' id='block_1_6' title="bbox 203 3178 417 3238">
    <p class='ocr_par' dir='ltr' id='par_1_6' title="bbox 203 3178 417 3238">
     <span class='ocr_line' id='line_1_28' title="bbox 203 3178 417 3238; baseline 0 -10"><span class='ocrx_word' id='word_1_194' title='bbox 203 3187 212 3211; x_wconf 93' lang='lat'>¹</span> <span class='ocrx_word' id='word_1_195' title='bbox 225 3178 314 3230; x_wconf 79' lang='lat' dir='ltr'><strong>marth.</strong></span> <span class='ocrx_word' id='word_1_196' title='bbox 329 3195 358 3238; x_wconf 83' lang='lat' dir='ltr'><strong>x,</strong></span> <span class='ocrx_word' id='word_1_197' title='bbox 377 3181 417 3229; x_wconf 75' lang='grc'><strong>30.</strong></span> 
     </span>
    </p>
   </div>
   <div class='ocr_carea' id='block_1_7' title="bbox 0 0 1168 4020">
    <p class='ocr_par' dir='ltr' id='par_1_7' title="bbox 0 0 1168 4020">
     <span class='ocr_line' id='line_1_29' title="bbox 0 0 1168 4020; baseline 0 0"><span class='ocrx_word' id='word_1_198' title='bbox 0 0 1168 4020; x_wconf 95' lang='lat' dir='ltr'><strong> </strong></span> 
     </span>
    </p>
   </div>
  </div>
 </body>
</html>
