2384 4052
269 464 319 512 ³00
452 459 476 510 S.
496 459 677 512 AUGUSTINI
695 461 835 516 nrtscort

267 564 390 641 seipsam
411 565 440 621 in
457 564 595 623 memoria
612 577 725 624 tenetur
739 568 866 638 oblivia,
880 567 944 646 ipsa
961 571 1023 628 uti-

265 671 324 730 que
343 651 443 710 aderat
460 666 494 711 ut
514 652 577 730 ejus
595 654 691 731 imago
709 668 871 734 caperetur.
886 661 957 716 Cum
971 678 1024 718 au-

181 783 183 788 .
268 755 325 800 tem
344 741 467 816 adesset,
481 743 629 821 quomodo
642 745 796 821 imaginem
811 765 891 805 suam
911 747 940 804 in
957 768 1022 806 me-

268 833 361 890 moria
386 833 606 905 conscribebat,
629 834 746 911 quando
772 835 802 893 id
830 835 917 893 etiam
942 837 1023 914 quod

266 919 327 996 jam
341 934 471 980 notatum
484 923 609 993 invenit,
623 919 775 1003 praesentia
789 943 841 982 sua
854 923 931 982 delet
946 925 1023 984 obli-

269 1010 317 1067 vio
326 1011 338 1067 Ρ
348 1015 388 1068 ⁴Et
403 1023 498 1069 tamen
514 1031 701 1088 quocumque
711 1013 815 1084 modo,
827 1013 896 1071 licet
909 1015 945 1071 sit
957 1031 1023 1073 mo-

269 1099 323 1158 dus
344 1100 398 1158 iste
418 1101 719 1178 incomprehensibilis
740 1114 769 1160 et
793 1102 1022 1181 inexplicabilis,

269 1189 355 1268 etiam
373 1192 465 1268 ipsam
486 1191 662 1250 oblivionem
673 1193 845 1252 *meminisse
861 1213 908 1252 me
926 1207 1021 1253 certus

267 1297 348 1352 sum,
365 1281 467 1357 quaid
482 1278 563 1358 quod
583 1281 798 1340 meminerimus
816 1281 959 1343 obruitur.

511 1447 644 1509 GAPUT
664 1445 769 1510 XVII.

294 1590 383 1658 Magna
400 1589 520 1645 memorie
535 1592 587 1652 vis,
603 1592 646 1643 sed
665 1592 729 1644 ultra
746 1593 948 1661 progrediendum
966 1605 993 1648 ut

533 1673 663 1739 attingatur
681 1676 756 1723 Deus.
852 1679 857 1687 '

307 1820 354 1879 26.
368 1825 472 1898 Magna
484 1822 528 1879 vis
540 1833 584 1880 est
592 1820 752 1891 memoriae,
761 1820 859 1878 nescio
869 1820 941 1896 quid
954 1821 1020 1878 hor·

268 1911 407 1982 rendum,
421 1916 501 1970 Deus
511 1931 610 1982 meus,
621 1909 767 1988 profunda
778 1920 808 1967 et
823 1909 936 1967 infinita
946 1908 1020 1968 mui-

269 2001 420 2078 tiplicitas;
442 2013 471 2058 et
489 2000 546 2058 hoc
564 2000 676 2058 animus
693 2011 750 2069 est,
768 2010 797 2055 et
814 1998 871 2056 hoc
889 2017 942 2075 ego
957 1999 1020 2075 ipse

268 2106 341 2146 sum.
356 2088 434 2162 Quid
452 2108 521 2166 ergo
534 2108 615 2159 sum,
631 2094 709 2146 Deus
725 2088 827 2144 meus?
840 2107 905 2163 quae
916 2100 1020 2146 natum

268 2179 349 2234 sum?
366 2177 467 2250 Varia,
484 2178 654 2237 multimoda
672 2177 745 2249 vita,
764 2187 793 2234 et
808 2175 948 2235 immensa
964 2197 1018 2235 ve·

268 2267 424 2324 hementer.
448 2271 523 2325 Ecce
544 2269 575 2324 in
593 2267 740 2325 memoriae
762 2286 834 2324 meae
859 2267 967 2345 campis
990 2279 1020 2325 et

268 2353 357 2412 antris
370 2367 400 2412 et
412 2357 541 2414 cavernis
552 2355 825 2428 innumerabilibus,
836 2368 923 2432 atque
932 2357 1019 2414 innn-

268 2443 446 2504 merabiliter
465 2447 557 2524 plenis
574 2446 830 2506 innumerabilium
849 2465 948 2503 rerum
969 2465 1020 2523 ge-

267 2533 399 2606 neribus,
415 2537 477 2594 sive
489 2557 543 2614 per
553 2539 706 2616 imagines,
721 2538 797 2595 sicut
811 2535 940 2593 omnium
951 2555 1019 2595 cor-

266 2644 383 2702 porum,
397 2627 457 2686 sive
470 2648 523 2706 per
534 2629 730 2707 praesentiam,
742 2627 816 2685 sicut
828 2626 947 2697 artium,
957 2625 1018 2684 sive

266 2734 320 2792 per
335 2715 431 2774 nescio
446 2737 518 2794 quas
538 2719 669 2776 notiones
682 2717 730 2775 vel
749 2717 926 2787 notationes,
943 2717 1020 2775 sicut

267 2802 453 2863 affectionum
475 2807 579 2878 animi,
595 2805 667 2884 duas
691 2817 720 2864 et
744 2823 811 2862 cum
831 2803 943 2862 animus
958 2823 1019 2862 ‘non

266 2891 389 2968 patitur,
404 2896 543 2954 memoria
557 2906 646 2966 tenet,
661 2913 727 2952 cum
738 2892 769 2949 in
783 2892 878 2950 animo
890 2892 927 2950 sit
937 2891 1020 2968 quid-

266 2979 394 3056 quidest
409 2982 440 3040 in
454 2983 614 3042 memoria:
629 3002 683 3061 per
696 2981 759 3038 haec
777 2981 873 3039 omnia
885 2980 1018 3040 discurro

266 3081 295 3130 et
319 3071 426 3144 volit03
450 3073 505 3130 hac
528 3073 594 3130 illac
617 3082 737 3151 penetro
763 3070 850 3130 etiam
876 3083 1017 3148 quantum

266 3165 398 3237 possum,
411 3173 440 3221 ct
452 3162 516 3222 finis
527 3181 686 3240 nusquam3
701 3173 780 3220 tanta
791 3161 836 3220 vis
850 3172 894 3219 est
907 3177 1018 3218 memo-
