2356 4018
256 369 305 418 ibt
438 367 464 414 8.
483 360 664 414 mensam
682 362 826 412 EPISGOPI

253 468 443 531 substantiam
457 478 547 535 tuam,
563 475 592 521 ct
604 481 668 520 esse
682 461 720 520 de
733 463 1015 526 bominibus-cutam

254 573 284 618 et
296 557 441 639 judicium
458 569 555 627 tuum,
575 565 606 612 et
620 553 651 610 in
665 552 781 612 Christo
794 556 868 628 Fjlio
877 546 1014 618 'teobo-

253 653 334 710 mino
351 662 468 720 nosar03
491 659 580 723 atque
594 647 629 706 in
645 645 804 722 Scriptuiis
820 650 926 709 sanctis
940 669 1015 728 quaa¹

254 743 390 802 Ecclesiae
414 753 471 798 tuae
496 734 647 808 catholicae
669 737 887 797 commendaret
908 755 1014 802 aucto·

255 833 341 903 ritas,
364 831 442 889 viam
468 841 496 888 te
519 825 651 905 pbsuisse
672 827 772 885 salutis
797 823 950 903 humanae,
977 834 1015 892 ad

254 943 320 984 eam
333 923 436 994 vitam,
455 937 521 997 quae
535 929 603 997 post
621 918 697 976 banc
707 926 834 978 moriem
849 921 948 980 futura
962 937 1015 983 est.

255 1013 308 1073 His
320 1014 419 1090 itaque
433 1010 530 1082 salvis,
544 1020 632 1086 atque
646 1008 816 1068 inconcusse
826 1010 971 1072 roboratis
984 1015 1016 1089 in

256 1105 353 1162 animo
372 1122 454 1175 meo,
466 1096 641 1178 ,quaerebam
659 1111 784 1158 aestuans
800 1102 879 1160 unde
896 1103 932 1161 sit
948 1111 1015 1162 ma-

255 1195 325 1252 lum.
358 1197 429 1267 Quae
457 1191 507 1248 iila
534 1201 678 1248 tormenta
705 1192 892 1268 parturientis
918 1193 1016 1253 cordis

256 1285 331 1342 mei!
356 1284 407 1361 qui
428 1282 569 1360 gemitus,
591 1285 670 1340 Deus
689 1285 788 1340 meus!
813 1287 850 1341 Et
869 1282 912 1364 ibi
933 1281 1017 1342 arani

257 1393 342 1433 aeres
354 1387 420 1444 mae,
434 1373 581 1432 nesciente
593 1391 649 1430 me.
663 1375 700 1429 Et
711 1391 779 1430 cum
790 1373 821 1431 in
832 1374 946 1433 silentio
958 1375 1016 1433 for-

257 1466 325 1522 titer
344 1482 519 1542 quaererem,
541 1481 651 1540 magnae
668 1483 755 1521 voces
771 1476 854 1521 erant
870 1465 909 1523 ad
928 1465 1017 1522 mise-

257 1554 413 1613 ricordiam
431 1566 521 1623 tuam,
537 1553 632 1610 tacitae
645 1545 935 1634 contritionesflmi
947 1555 1014 1614 mei.

256 1648 299 1703 Tu
316 1644 427 1703 sciebas
444 1643 515 1721 quid
529 1641 673 1720 patiebar,
691 1653 721 1699 et
736 1644 833 1702 nuilus
852 1643 1013 1704 bominum.

255 1740 404 1811 Quantum
434 1734 512 1792 enim
538 1743 601 1791 erat
624 1732 705 1811 quod
729 1733 798 1790 inde
828 1732 1016 1816 digerebatv

256 1847 311 1905 pen
331 1828 459 1906 linguam
487 1845 581 1884 meam
608 1824 639 1882 in
666 1843 759 1902 aures,
777 1825 1016 1885 familiarissimo—

257 1937 323 1978 rum
339 1915 652 1991 meorum?·Numquid
667 1897 743 1972 tonis
759 1916 899 1974 tumultus
913 1904 1022 1975 animae'

257 2029 343 2081 meae,
365 2009 413 2067 cui
435 2028 489 2066 nec
511 2019 659 2084 tempora,
680 2024 737 2066 'nec
755 2027 787 2065 cs
809 2025 906 2066 meum
929 2009 1015 2067 suffi-

256 2100 367 2171 ciebat,
387 2097 510 2158 sonabat
527 2097 568 2156 eis
575 2100 590 2154 i
605 2093 710 2156 Tctum
724 2111 821 2156 tamen
837 2097 902 2157 ibat
918 2100 947 2158 in
966 2119 1016 2158 au·

258 2189 463 2259 ditum'tuum‚
482 2184 562 2264 qued
582 2187 734 2266 nagiebam
756 2207 773 2246 a
790 2189 898 2267 gemitu
919 2189 1015 2248 confes

257 2278 323 2349 mei,
336 2289 441 2335 etanta
454 2289 482 2334 te
493 2289 556 2334 erat
566 2277 743 2336 desiderium
753 2299 860 2352 meum,
873 2280 1015 2339 etlumen

258 2367 411 2425 oculorum
436 2385 568 2425 meorum
594 2387 653 2424 nou
675 2380 737 2425 erat
758 2388 872 2428 mecum
884 2380 904 2424 ¹.
933 2373 1015 2429 Intus

262 2459 338 2517 enim
351 2469 423 2529 erat,
442 2477 496 2535 ego
513 2469 609 2516 autem
622 2457 700 2516 foris.
722 2463 783 2517 Nec
798 2460 829 2517 in
843 2461 908 2519 loco
921 2460 1013 2518 illud:

259 2563 289 2611 at
302 2570 355 2630 ego
368 2547 556 2609 intendebam
571 2551 647 2609 inea
659 2569 724 2627 quae
738 2551 809 2610 locis
820 2553 1014 2624 continentur,

257 2654 288 2701 et
308 2662 366 2700 non
385 2639 427 2698 ibi
448 2639 630 2698 inveniebam
651 2641 750 2718 locum
771 2640 809 2698 ad
829 2644 1015 2719 requiescen-

259 2733 348 2804 dum3
371 2751 425 2790 nec
447 2718 628 2812 recipieban’t
644 2732 723 2791 *me
747 2731 801 2790 ista
823 2731 1014 2806 addicerem,

255 2825 307 2881 Sat
325 2833 380 2890 est,
404 2832 434 2878 et
451 2820 527 2878 bene
545 2836 604 2894 est,
627 2842 682 2882 nec
702 2822 888 2882 dimittebant
907 2825 1017 2894 redire,

258 2908 311 2968 ubi
325 2909 397 2968 mibi
411 2911 479 2968 satis
495 2925 571 2971 esset
583 2912 666 2972 bene.
687 2915 827 2998 Superior
840 2915 917 2974 enim
933 2933 1012 2990 eram

295 3109 304 3138 ¹
317 3099 379 3152 acal.
393 3097 493 3164 xxxin,
504 3106 575 3154 9-11.
