2316 4020
195 329 198 331 ’
272 361 320 407 tn
375 359 378 365 ·
453 360 477 407 s.
496 359 681 410 rueusrmr
696 359 839 410 srrsuom

186 503 189 512 ,
267 458 482 534 negotiosorum
494 458 643 516 hominum
650 501 659 530 ,
671 477 797 535 quorum
807 456 1025 542 infirmitatibus

267 546 422 604 serviebat
442 549 513 606 Cum
525 546 633 624 quibus
645 547 762 624 quando
776 566 834 604 non
851 560 931 616 erat,
942 547 1025 622 quod

268 637 470 714 perexiguum
487 636 625 714 temporis
635 649 713 707 eret,
725 647 775 694 aut
788 655 895 712 eorpus
908 635 1025 693 reficie—

268 721 321 780 bat
336 725 503 784 necessariis
521 723 733 795 sustentaculis,
752 736 803 782 aut
821 723 946 782 lectione
959 724 1024 782 ani-

269 831 358 870 mum.
373 814 429 872 Sed
441 835 508 874 eum
525 813 652 892 legebat,
672 815 748 872 oculi
770 813 953 874 ducebantur
969 833 1023 890 per

268 903 400 979 paginas,
412 917 441 962 et
455 924 507 962 cor
519 904 698 962 intellectum
710 903 888 974 rimabatur,
902 923 960 962 vox
970 921 1024 961 au-

269 1005 325 1048 tem
340 1005 370 1049 et
383 994 481 1071 lingua
491 989 698 1076 quiescebant.
718 997 799 1072 Saepe
823 1011 890 1052 cum
906 992 1023 1053 adesse-

268 1101 346 1152 mus,
361 1103 428 1142 non.
443 1084 520 1142 enim
540 1083 694 1144 vetabatur
714 1084 868 1163 quisquam
894 1081 1022 1162 ingredi,

267 1187 319 1230 aut
337 1175 365 1232 ei
382 1176 545 1234 venientem
566 1175 695 1234 nuntiari
716 1195 779 1235 mos
802 1187 877 1247 erat3
890 1175 931 1233 sie
954 1193 1021 1233 eum

267 1265 408 1343 legentem
427 1266 554 1324 vidimus
572 1255 672 1338 tacite,
696 1279 726 1324 et
745 1267 829 1325 aliter
846 1285 1020 1342 nunquam:

209 1347 214 1358 ¹
265 1356 456 1433 sedentesque
470 1355 499 1413 in
513 1355 651 1414 diuturno
662 1355 777 1414 silentio
785 1355 863 1434 (quis
875 1354 952 1411 enim
962 1365 1021 1412 tarn

263 1445 377 1507 intento
391 1465 452 1503 esse
473 1443 555 1502 oneri
570 1445 724 1522 audereti)
743 1442 978 1514 discedebamus,
993 1455 1022 1500 et
1107 1512 1111 1518 ,

265 1532 500 1610 conjectabamus
513 1553 579 1592 eum
589 1553 681 1612 parvo
697 1533 761 1612 ipso
777 1546 922 1610 tempore,
940 1533 1021 1608 quod

265 1625 434 1704 reparandae
454 1624 543 1683 menti
556 1643 614 1684 suae
635 1613 870 1694 nancisbebatur,
885 1623 1020 1682 feriatum

266 1713 304 1772 ab
315 1714 439 1795 strepitu
451 1735 604 1776 causarum
618 1714 790 1786 alienarum,
802 1714 880 1772 nolle
892 1712 923 1771 in
940 1714 1020 1772 aliud

267 1809 433 1879 avoceri3et
442 1826 546 1866 cavere
560 1807 680 1866 fortasse
689 1825 726 1864 ne
735 1805 868 1866 auditore
880 1813 1019 1883 suspenso

198 1956 202 1963 ,
266 1911 295 1956 et
307 1901 429 1970 interito,
443 1900 467 1957 si
478 1909 536 1977 qua
549 1896 703 1957 obscurius
716 1897 859 1975 posuisset
872 1896 921 1954 ilie
932 1915 1020 1973 quem

265 1991 388 2068 legeret,
408 1990 494 2046 etiam
510 2007 659 2064 exponere
675 2004 792 2046 necesse
811 1998 899 2057 essem
913 1997 965 2044 aut
983 1987 1020 2044 de

265 2078 410 2156 aliquibus
433 2075 645 2136 difficilioribus
666 2075 828 2154 disceptare
848 2075 1020 2159 quaestioni·

265 2168 334 2237 bus,
357 2181 443 2243 atque
471 2165 539 2224 huio
559 2167 642 2243 operi
667 2166 850 2244 temporibus
868 2166 1018 2244 impensis,

265 2255 1019 2335 minusquamvelletvoluminumevolveret:quau-

265 2366 352 2425 quam
366 2359 395 2404 et
408 2365 504 2405 curma=
514 2345 662 2404 servandae
682 2346 775 2418 vocis,
788 2366 854 2425 quae
871 2347 915 2406 itti
935 2348 1018 2406 facii-

217 2473 221 2479 =
264 2438 331 2494 lime
345 2433 576 2508 obtundebatur,
591 2447 707 2514 poterat
727 2456 789 2496 esse
803 2435 910 2514 justior
929 2438 1017 2496 tacite

263 2524 387 2601 legendi.
399 2522 536 2598 Quolibet
553 2537 649 2584 tamen
659 2524 755 2584 animo
772 2524 803 2583 id
815 2537 928 2603 ageret,
938 2524 1018 2584 bono

264 2613 364 2691 titique
378 2614 427 2670 itte
442 2612 488 2678 vir
501 2612 612 2692 agebat.

304 2703 332 2760 4.
345 2703 402 2761 Sed
416 2702 578 2760 certe-mibi
589 2703 669 2762 nulla
682 2701 808 2762 dabatur
819 2705 905 2781 copia
916 2705 1016 2764 scisci-

265 2793 346 2850 tandi
358 2811 423 2868 quae
433 2790 587 2868 cupiebam
601 2790 638 2850 de
649 2803 708 2849 tam
722 2804 822 2850 saneto
834 2794 953 2866 oraculo
965 2807 1016 2854 tuo

246 2893 383 2957 ‚pectore
400 2880 488 2952 illius,
506 2880 564 2952 nisi¹
581 2899 647 2940 eum
660 2881 774 2960 aliquid
793 2882 923 2942 breuiter
943 2899 1016 2944 esset

264 2971 450 3034 audiendum.
464 2975 560 3030 AEstus
571 2983 668 3030 autem
681 2972 723 3030 itti
737 2973 794 3032 moi
809 2974 935 3034 otiosum
948 2994 1014 3034 eum

263 3061 361 3133 valde,
377 3061 425 3120 cui
439 3060 671 3134 refunderentur,
684 3063 884 3141 requirebant,
895 3085 949 3126 neo
960 3087 1014 3126 un„
