2356 4018
261 453 311 500 aar
413 491 419 508 ,
446 441 831 513 s.auousrnt1ur1'soor1

258 540 412 618 proderet,
426 539 481 598 nisi
494 540 574 616 quod
587 541 625 598 ad
639 561 686 600 eas
700 533 926 624 reconciliandas
939 547 1019 605 vale-

259 642 312 692 ret.
333 633 459 712 Parvum
480 628 537 687 hoo
556 629 666 688 bonum
688 632 759 691 mihi
778 632 948 706 videretur„
962 636 1015 694 nisi

260 719 604 780 turbasinnumerabiles
629 721 717 780 tristis
741 715 902 801 experirer,
919 725 1017 782 nescio

255 829 318 886 ,qua
335 809 481 868 horrenda
499 805 663 888 pestilentia
680 825 867 890 peccatorum
881 814 1018 878 latissime

258 913 455 977 pervagante,
475 919 533 964 non
552 901 646 958 solum
665 891 822 962 iratorum.
834 904 1017 966 inimicorum

258 993 338 1051 iratis
358 991 481 1054 inimicis
504 991 581 1049 dicta
603 991 745 1069 prodere,
765 993 817 1052 sed
840 994 927 1052 etiam
951 1013 1016 1071 quae

258 1100 316 1140 non
337 1082 414 1142 diet'a
434 1095 501 1162 sunt
518 1081 644 1154 addere,
667 1073 853 1142 cumcontra
873 1084 984 1144 homini
1002 1084 1016 1108 *

248 1175 385 1243 ,humano
403 1194 508 1252 parum
528 1193 590 1232 esse
609 1173 714 1254 debeat
733 1175 896 1236 inimicitias
916 1176 1013 1234 homi-

258 1283 328 1332 num
341 1284 394 1322 neo
416 1265 544 1322 excitare
563 1282 616 1320 nec
635 1283 741 1340 augere
760 1265 842 1344 male,
855 1265 1014 1342 loquendo,

257 1354 313 1412 nisi
332 1372 380 1410 eas
396 1353 482 1412 etiam
500 1351 683 1428 exstinguere
694 1351 769 1411 bene
782 1354 930 1431 loquendo
951 1367 1014 1413 stu-

259 1443 369 1514 duerit,
384 1442 476 1519 quadis
488 1442 537 1500 illa
548 1452 627 1514 erat,
640 1439 763 1502 docente
774 1455 803 1502 te
814 1444 951 1521 magistro
964 1446 1012 1502 in-

259 1533 329 1590 timo
349 1533 384 1590 in
399 1533 498 1591 schola
519 1532 659 1610 pectoris.

298 1622 346 1681 22.
361 1623 495 1699 Denique
513 1623 599 1682 etiam
616 1622 714 1681 virum
731 1642 815 1682 suum
830 1624 891 1702 jam
911 1625 942 1684 in
960 1644 1014 1683 err-

259 1729 350 1774 trema
362 1714 589 1792 rita-temporali
608 1710 670 1790 ejus
686 1713 798 1790 lucrata
819 1727 862 1774 est
880 1713 949 1786 tibi,
963 1735 1015 1774 nec

258 1807 336 1864 ineo
353 1803 415 1882 jam
428 1803 511 1876 fideli
520 1804 632 1882 planxit
649 1802 729 1884 quod
744 1805 774 1862 in
792 1793 920 1887 nondum
937 1804 1015 1864 fideli

259 1897 441 1961 toleraverat.
451 1898 521 1952 Erat
533 1894 620 1954 etiam
632 1913 717 1952 serva
728 1912 880 1952 servorum
890 1906 1014 1952 tuorum.

258 1987 395 2063 Quisquis
421 2004 522 2044 eorum
540 1997 663 2043 noverat
682 2003 767 2056 eam,
788 1975 911 2042 multum
931 1986 962 2042 in
982 2003 1015 2042 ea

259 2074 396 2135 laudabat
409 2088 438 2132 et
449 2073 613 2144 honorabat
623 2087 652 2133 et
665 2073 803 2151 diligebat
816 2087 857 2146 te,
871 2075 940 2150 qnia
951 2093 1015 2132 sen-

259 2165 350 2224 tiebat
367 2167 548 2244 praesentiam
568 2177 647 2223 tuam
661 2167 691 2224 in
710 2165 798 2224 corde
820 2163 895 2242 ejus,
909 2177 1014 2222 sanctae

259 2255 483 2313 conversationis
500 2252 643 2312 fructibus
665 2253 795 2313 testibus.
814 2258 920 2314 Fuerat
939 2255 1015 2312 enim

258 2344 343 2402 unius
371 2344 431 2402 v-iri·
454 2363 553 2416 uror,
573 2355 703 2406 mutuam
728 2344 822 2403 vicem
846 2341 1016 2426 parentibus

259 2430 441 2504 reddiderat,
462 2431 580 2489 domum
601 2450 683 2508 suam
703 2432 751 2511 pie
773 2445 962 2503 tractaverat,
985 2433 1016 2490 in

259 2521 397 2601 operibus
411 2520 495 2579 bonis
509 2519 703 2578 testimenium
719 2520 855 2581 habebat.
868 2523 1015 2580 Nutrierat

259 2613 342 2686 filios,
355 2612 438 2672 toties
452 2631 501 2670 eos
513 2611 697 2690 parturiens,
704 2611 816 2688 quoties
830 2609 881 2670 abs
895 2624 923 2682 te
937 2610 1016 2669 devi-

258 2723 316 2778 are
328 2700 474 2761 cernebat.
485 2705 634 2762 Postremo
650 2699 750 2772 nobis,
769 2699 906 2769 Domine,
922 2698 1016 2756 omni-

258 2793 313 2856 bus
318 2835 329 2864 ‚
342 2792 458 2870 quia'ex
470 2811 590 2850 munere
603 2805 652 2848 tuo
664 2791 732 2848 sinis
746 2789 826 2866 loqui
839 2789 930 2862 servis
944 2788 1015 2858 tuiS,

207 2903 209 2906 ·
259 2882 390 2960 quiante
404 2882 606 2940 dormitionem
623 2879 684 2957 ejus
700 2880 731 2938 in
745 2891 773 2937 te
783 2877 844 2955 jam
860 2877 1016 2936 consociati

245 2970 429 3036 ¹uirebamus
452 2984 591 3051 percepta
612 2971 704 3050 gratia
727 2967 865 3046 Baptismi
887 2968 950 3038 tui,
976 2967 1016 3023 ita

259 3081 360 3124 curam
377 3063 478 3138 gessit,
499 3063 581 3139 quasi
600 3073 698 3142 omnes
717 3059 875 3138 genuisser3
893 3059 934 3118 ita
950 3075 1014 3116 ser-

259 3152 332 3232 uivit
349 3151 431 3228 quasi
442 3149 482 3211 'ab
495 3149 628 3212 omnibus
640 3151 736 3230 genita
747 3149 856 3208 fuisset.
