2354 4034
317 433 570 487 coutusstotttttt
588 433 683 482 LIBER
700 433 769 482 xm.
876 435 930 484 453

169 548 239 610 stra,
254 549 284 595 et
293 539 462 613 producant
476 557 562 613 aqpoe
577 539 691 610 reptilia
705 539 928 592 animarumtvt-

140 687 144 694 ,
164 651 268 686 varum.
285 631 458 705 Separautes
475 618 556 684 enim'
565 627 727 704 pretiosum
742 644 759 682 a
773 624 840 696 vili,
859 624 929 684 sacti

164 722 231 779 estis
254 740 290 778 os
309 720 380 791 Dei,
405 738 459 796 per
483 711 565 796 quos
583 717 703 784 diceret
726 737 733 774 :
763 717 931 775 Producant

164 831 261 886 aquae,
278 829 337 867 non
357 808 482 866 animam
502 808 601 866 vivam
616 825 705 883 quam
720 819 798 864 terra
813 806 928 884 produ-

164 900 218 972 cit,
233 899 284 958 sed
298 904 412 978 reptilia
426 906 589 956 animarum
600 901 738 968 vivarum,
751 911 780 954 ct
793 902 928 956 calamia

162 995 296 1048 volantia
317 1010 401 1067 super
418 1003 530 1046 terram.
549 994 715 1066 Repserunt
727 987 807 1053 enim
824 992 927 1049 Sacra-

163 1095 260 1140 menta
276 1093 340 1152 tua‚
355 1085 445 1153 Deus,
460 1098 513 1157 per
526 1078 616 1158 opera
628 1090 795 1152 sanctorum
808 1092 926 1138 tuorum

162 1173 239 1232 iuter
251 1173 362 1232 medios
373 1173 479 1231 fluctus
492 1173 684 1230 tentationum
696 1170 809 1244 saeculi,
823 1172 860 1229 ad
874 1171 927 1230 im-

162 1262 294 1336 buendas
309 1276 409 1344 gentes
423 1264 541 1322 nornine
561 1277 628 1336 tuo,
646 1263 679 1320 in
696 1261 844 1341 baptismo
865 1276 927 1322 tuo.

162 1358 198 1412 Et
210 1355 287 1414 inter
299 1356 362 1413 haec
379 1355 455 1413 facta
467 1366 536 1412 sunt
549 1354 692 1431 magnalia
706 1351 852 1412 mirabilia
864 1367 928 1413 tau·

162 1464 250 1523 quam
265 1447 321 1504 ceti
335 1443 469 1522 grandes,
480 1455 511 1500 et
523 1461 610 1504 voces
622 1442 791 1501 nuntiorum
806 1455 928 1504 tuorum

161 1536 317 1593 volitantes
329 1554 418 1611 super
432 1545 538 1592 terram
550 1532 637 1609 juxta
649 1531 863 1592 firmamentum
874 1537 927 1592 Li-

161 1624 210 1682 bri
224 1624 280 1694 tui‚
295 1623 451 1701 praeposito
459 1622 511 1680 illo
525 1621 582 1679 sibi
595 1621 634 1679 ad
645 1621 858 1696 auctoritatem,
869 1623 927 1682 sub

163 1731 223 1791 quo
243 1713 398 1771 volitarent
418 1731 605 1790 quocumque
625 1710 710 1774 itent.
725 1708 827 1788 Neque
847 1713 928 1772 enirn

162 1816 229 1862 sunt
242 1804 366 1881 loquelae
378 1822 473 1880 neque
488 1821 644 1872 sermones,
659 1820 788 1878 quorum
802 1821 861 1860 non
874 1822 926 1862 au-

162 1894 280 1964 diantur
290 1913 379 1953 voces
391 1911 507 1964 eorum,
521 1890 639 1969 quando
651 1891 682 1950 in
691 1910 807 1974 omnem
817 1903 927 1954 terram

162 1987 233 2045 exiit
247 2005 333 2045 sonus
347 2002 462 2055 eorum,
475 1983 543 2040 etin
557 1982 628 2041 fines
642 1981 721 2041 orbis
734 1994 818 2044 terrae
833 1982 925 2044 verba

161 2075 302 2160 corur'n13¹
322 2076 466 2154 quoniam
483 2087 529 2148 tu,
549 2073 695 2146 Domine,
723 2073 927 2134 benedicendo

162 2167 359 2252 multiplicasti
373 2165 444 2224 haec.

202 2256 250 2315 27.
272 2256 421 2334 Numquid
434 2255 570 2327 mentior,
584 2266 636 2314 aut
647 2252 786 2312 mixtione
799 2253 924 2326 misceo,

161 2369 256 2428 neque
275 2347 423 2425 distinguo
435 2346 546 2406 lucidas
555 2345 740 2426 'cognitiones
754 2343 859 2404 harum
873 2365 923 2404 re-

161 2444 227 2497 runi
238 2439 269 2496 iu
285 2439 466 2498 firmamento
478 2437 558 2510 coeli,
572 2449 602 2495 et
612 2456 703 2514 opera
715 2434 880 2513 corporalia
893 2435 924 2493 in

161 2530 275 2588 undoso
288 2529 377 2601 mari,
393 2541 423 2586 et
433 2527 487 2586 sub
502 2528 685 2584 firmamento
698 2525 780 2584 coeli?
792 2530 926 2599 Quarum

161 2621 238 2678 enim
254 2639 352 2678 rerum
373 2619 482 2676 notitiae
502 2630 570 2676 sunt
584 2615 696 2690 solidae,
715 2628 744 2674 et
765 2615 925 2673 terminatae

162 2711 222 2769 sine
244 2708 430 2769 incrementis
454 2695 674 2786 generationum
683 2749 698 2780 ,-
714 2703 851 2784 tanquam
876 2705 924 2761 lu-

163 2804 240 2862 mina
257 2801 407 2880 sapientiae
426 2811 455 2858 et
475 2799 614 2870 scientiae,
635 2796 803 2856 earumdem
825 2814 922 2853 rerum

84 2894 87 2904 ’
162 2907 230 2952 sunt
249 2893 434 2972 operationes
454 2892 623 2968 corporales
644 2892 742 2948 multae
764 2907 797 2947 ac
819 2889 924 2959 variae;

162 2999 191 3042 et
206 2985 287 3044 aliud
303 3005 339 3043 ex
353 2983 411 3042 alio
425 2982 583 3042 crescendo
597 2981 808 3059 multiplicatur
823 2979 853 3037 in
869 2977 925 3036 bc-

199 3185 208 3209 ¹
220 3175 283 3226 Psal,
298 3191 372 3235 xvnr,
389 3175 417 3237 l,
431 3179 454 3224 t.
