2356 4018
341 441 593 494 comsiotwtt
612 442 707 492 LIBER.
725 443 770 491 11.
880 446 928 493 241

173 549 290 630 ptionis.
304 550 343 605 Et
353 545 411 604 hoc
421 556 484 603 erat
495 555 587 601 totum
600 543 678 601 nolle
692 543 773 620 quod
785 541 934 616 volebam,

173 654 204 701 et
223 639 300 698 velle
319 633 400 712 quod
413 632 533 693 volebas
547 632 568 692 *.
589 631 714 708 Scd,nbi
728 647 791 693 erat
808 647 867 694 tam
884 656 935 694 aa·

174 749 246 790 ncso
265 739 414 803 tempore,
428 734 458 783 et
477 722 513 780 de
531 740 591 798 quo
606 721 668 780 imo
685 722 804 800 altoque
823 737 935 784 secreto

174 827 329 878 evocatum
350 810 395 874 est
413 812 445 870 in
466 823 613 870 momento
635 811 762 872 liberum
781 809 936 878 arbitrium

176 926 289 978 meum,
301 923 361 982 quo
375 895 532 962 subderem
551 902 696 961 cervicem
710 903 768 962 leni
783 903 856 981 jugo
871 916 935 976 tuo,

178 1011 208 1058 et
216 993 354 1058 humeros
363 993 424 1054 levi
434 992 554 1052 sarcinae
566 1005 623 1050 tuae
634 1001 653 1062 ¹,
667 991 782 1052 Christe
794 998 873 1064 lesu,
886 995 938 1053 ad-

176 1089 258 1166 jutor
275 1104 357 1145 meus
378 1096 407 1142 et
426 1083 595 1160 redemptor
613 1086 715 1142 meus?
735 1089 829 1160 Quam
849 1106 938 1146 suave

180 1174 252 1240 mihi
270 1175 368 1239 subito
382 1174 492 1234 factum
508 1185 552 1232 est
563 1193 663 1234 carere
674 1175 867 1238 suavitatibus
881 1198 939 1236 nu-

169 1327 173 1330 .
180 1270 297 1346 garum!
316 1278 346 1326 et
358 1283 439 1344 quas
450 1264 583 1324 amittere
594 1278 687 1324 metus
702 1267 810 1339 luerat,
819 1267 881 1344 jam
896 1269 940 1328 di-

182 1361 297 1420 mittere
310 1356 450 1435 gaudium
464 1367 535 1414 erat.
548 1355 693 1433 Ejiciebas
706 1359 783 1416 enim
795 1379 843 1418 eas
855 1381 872 1419 a
883 1381 944 1432 me,

183 1469 253 1510 vera
267 1461 300 1506 tu
312 1449 346 1506 et
355 1462 468 1506 summa
479 1444 607 1508 suavitas
621 1466 629 1501 t
645 1445 799 1522 ejiciebas,
810 1463 839 1508 et
850 1451 942 1508 intra-

183 1541 238 1618 bas
259 1558 314 1618 pro
339 1537 381 1596 eis
401 1536 480 1596 omui
501 1537 652 1614 voluptate
674 1537 801 1608 dulcior,
816 1539 867 1598 sed
884 1561 943 1600 non

186 1630 265 1690 cami
275 1625 308 1688 ‘et
323 1627 474 1705 sanguini3
493 1627 572 1685 omni
587 1629 654 1702 luce
666 1625 789 1698 clarior,
801 1630 851 1687 sed
863 1633 942 1689 omnl

186 1732 298 1780 secreto
315 1717 455 1788 interi0r3
475 1717 554 1776 omni
572 1716 684 1774 honore
704 1716 874 1789 sublimior,
892 1719 943 1777 sed
986 1747 988 1752 ·

187 1831 244 1870 non
267 1805 443 1867 sublimibus
465 1805 496 1866 in
515 1825 555 1864 se.
572 1809 638 1868 Jam
658 1805 813 1866 liberarat
830 1807 944 1868 animm

187 1921 268 1962 meus
287 1895 598 1970 acurislmordacibus
616 1895 777 1968 ambiendi,
795 1911 824 1956 et
844 1899 945 1975 acqui-

188 1990 286 2060 rendi,
302 2000 337 2048 ·et
358 1985 510 2052 volutandi
533 1999 623 2064 atque
645 1987 793 2066 scalpendi
816 1987 944 2054 scabiem

188 2079 360 2150 libidinum
374 2089 403 2137 et
421 2075 587 2155 garriebam
605 2077 659 2136 tibi
677 2073 801 2137 claritati
816 2098 902 2148 meae,
918 2091 946 2136 et

189 2165 299 2229 divitiis
313 2168 402 2239 meis,
417 2179 446 2226 et
456 2167 547 2226 saluti
566 2187 638 2246 meae
653 2168 778 2228 Domino
793 2173 857 2228 Deo
870 2187 944 2242 meo.

470 2335 604 2400 CAPUT
624 2338 666 2398 ΙΙ.

206 2507 324 2552 Deserere
347 2479 479 2550 rhetorices
503 2499 678 2565 professionem
702 2501 783 2552 diflert
806 2519 882 2567 usque
904 2502 935 2550 ad

390 2589 393 2598 ’
453 2579 608 2630 vindemiales
621 2580 699 2631 lorias.

232 2730 264 2788 2'
281 2735 318 2788 Et
335 2728 447 2810 placuit
460 2727 533 2784 mihi
547 2729 578 2784 in
591 2740 748 2806 conspectu
765 2724 816 2796 ‘tuo
829 2747 887 2785 non
899 2741 949 2788 lu-

193 2823 340 2881 multuose
351 2818 496 2898 abripere,
505 2817 556 2876 sed
567 2817 670 2877 leniter
679 2817 852 2878 subtrahere
866 2821 951 2878 mini·
996 2842 998 2848 ¹

194 2912 313 2972 sterium
328 2911 433 2988 lingua
450 2927 521 2966 meae
536 2907 673 2966 nundinis
690 2906 904 2987 loquacitatis*;
914 2930 951 2968 ne
1018 2913 1019 2916 ’

194 3001 321 3061 ulterius.
332 2998 418 3078 pueri
430 2999 600 3059 meditantes
613 3019 670 3056 non
682 3001 775 3078 legem
786 3013 881 3072 tuam,
894 3021 952 3060 non

231 3147 452 3227 minumae.
549 3175 555 3187 ’

813 3262 842 3306 21
