2356 4018
298 449 550 500 comssrottttrt
567 451 661 500 LIBER
679 454 736 499 vll.
848 453 895 503 tta

121 555 178 614 sed
194 551 335 623 ¹Verbum
343 551 408 622 Dei,
422 554 517 620 Deus,
531 562 574 608 est
590 551 687 611 lumen
703 571 803 610 verum
816 554 897 629 quod

120 644 283 704 illuminat
299 659 414 700 omnem
427 639 574 698 hominem
590 641 752 699 venientem
772 642 802 699 in
819 641 896 702 hunc

122 734 293 794 mundum.
310 735 347 788 Et
360 731 430 807 quia
446 730 476 787 in
490 729 546 788 hoc
560 729 670 789 mundo
683 745 759 805 erat,
775 745 803 792 et
817 753 897 792 mun·

125 820 264 901 ‹lus‘per
277 822 372 899 ipsum
390 821 483 878 lactus
497 833 555 892 est,
573 832 602 878 et
617 821 742 882 mundus
758 843 825 882 eum
839 843 897 884 nou

127 914 285 993 cognovit.
310 912 386 986 Quia
403 931 474 970 vero
493 912 525 969 in
545 931 597 971 sua
613 914 735 991 propria
753 915 848 987 venit,
868 930 897 974 et

129 1005 181 1064 sui
201 1023 271 1061 eum
287 1023 346 1060 non
364 1015 557 1080 receperunt3
578 1015 721 1081 quotquot
741 1018 836 1064 autem
851 1026 897 1066 re-

132 1105 283 1172 ceperunt
299 1111 380 1163 eum,
401 1091 481 1152 dedit
501 1091 542 1150 eis
562 1104 734 1168 potestatem
752 1095 827 1155 filios
843 1098 898 1156 Dei

132 1185 218 1253 lieri,
244 1180 428 1239 credentibus
454 1181 485 1238 iu
512 1182 628 1240 nomine
652 1181 715 1260 ejus
738 1207 744 1241 ε
773 1204 832 1242 nou
857 1184 898 1244 ibi

134 1274 208 1351 legi.
292 1289 294 1296 ’

185 1363 232 1420 14.
248 1368 320 1422 Item
334 1363 376 1423 ibi
389 1366 444 1441 legi
458 1366 528 1442 quia
539 1371 618 1424 Deus
629 1365 771 1439 Verbum,
789 1385 848 1426 non
862 1386 898 1424 ex

138 1475 241 1525 carne,
253 1475 314 1512 uon
328 1475 365 1512 ex
378 1453 528 1535 sanguiue,
546 1478 605 1516 non
619 1447 656 1514 eir
668 1457 818 1526 voluntate¹
831 1458 898 1529 viri,

138 1565 239 1622 neque
258 1565 294 1603 ex
311 1546 461 1603 voluntate
477 1538 587 1617 caruis,
610 1545 662 1604 sed
682 1566 719 1604 ex
732 1551 795 1603 Deo
815 1557 899 1604 natus

141 1649 198 1693 est.
218 1635 274 1694 Sed
286 1635 355 1712 quia
367 1634 497 1693 Verbum
514 1655 582 1694 caro
598 1636 780 1705 factumest,
799 1647 828 1690 et
847 1635 900 1692 ha-

140 1723 249 1781 bitavit
259 1725 288 1781 in
300 1723 383 1781 nobis
393 1735 418 1796 ¹3
429 1745 488 1782 non
499 1725 542 1784 ibi
559 1725 625 1802 legi.
640 1723 780 1800 Indagavi
790 1723 899 1806 quippe

144 1815 174 1871 in
194 1814 250 1873 illis
268 1815 371 1871 litteris
390 1815 470 1872 varie
486 1815 613 1886 dictum,
634 1827 663 1870 et
683 1813 780 1871 multis
797 1812 900 1885 modis,

145 1902 226 1980 quod
247 1905 284 1960 sit
297 1902 386 1962 Filius
406 1905 437 1961 in
455 1905 548 1962 forma
561 1904 671 1975 Patris,
693 1922 753 1960 non
768 1901 900 1978 rapinam

145 1993 303 2052 arbitratus
323 2013 385 2052 esse
404 1994 522 2070 aequalis
540 2000 620 2065 Dee,
640 1995 710 2070 quia
730 1992 901 2051 naturaliter

144 2083 274 2160 idipsum
297 2094 348 2140 est.
373 2083 429 2141 Sed
447 2085 515 2161 quia
536 2086 723 2163 semetipsum
743 2082 902 2142 exinanivit

145 2174 270 2231 formam
286 2172 363 2230 servi
379 2173 540 2250 accipiens,
560 2174 594 2230 in
609 2174 828 2233 similitudinem
846 2173 902 2240 ho:

131 2263 258 2322 'minum
277 2263 386 2333 lactus,
412 2274 442 2318 et
462 2262 566 2320 habitu
585 2265 720 2322 inventus
741 2277 774 2322 ut
794 2264 901 2334 h0³n05

146 2353 309 2411 humiliavit
329 2372 358 2410 se
378 2353 471 2428 sactus
490 2351 629 2412 obediens
648 2375 741 2432 usque
762 2354 799 2412 ad
821 2374 902 2413 mor-

148 2458 217 2515 tem,
231 2455 354 2502 mortem
367 2455 465 2501 autem
476 2445 569 2502 crucis
581 2464 588 2500 ε
600 2458 721 2522 propter
733 2445 813 2521 qued
824 2450 903 2502 Deus

148 2554 216 2593 eum
232 2535 371 2592 exaltavit
387 2553 404 2592 a
418 2536 555 2606 mortuis,
573 2547 602 2592 et
615 2535 735 2592 donavit
754 2535 780 2591 ei
797 2553 903 2593 nomen

116 2697 119 2702 v
150 2624 229 2702 quod
241 2637 284 2682 est
299 2644 387 2701 super
396 2643 481 2681 omne
492 2645 608 2696 nomen,
622 2637 654 2681 ut
665 2625 696 2680 in
710 2624 902 2680 nomineJesu

151 2735 234 2774 omne
248 2735 324 2792 genu
335 2714 478 2786 flectatur,
491 2714 667 2784 coelestium,
683 2711 861 2770 terrestrium
875 2727 905 2772 et

153 2807 346 2875 infernorum
369 2805 506 2862 erumnis
526 2805 623 2880 lingua
644 2804 904 2882 confiteatur-quia

149 2897 292 2975 Dominus
306 2899 388 2952 lesus
405 2895 535 2954 Christus
553 2895 584 2952 in
603 2895 699 2972 gloria
717 2896 761 2964 est
777 2895 833 2953 Dei
849 2900 904 2954 Pa-

154 2987 202 3047 tris
214 2996 238 3057 2;
255 2976 319 3043 'non
342 2983 451 3044 habent
469 2987 512 3045 illi
531 2985 609 3043 libri.
631 2986 717 3061 Quod
737 2987 815 3045 enim
838 2998 904 3043 ante

191 3175 198 3198 ¹
211 3145 282 3215 loen.
294 3181 315 3222 1,
331 3165 397 3212 t-tl.
413 3191 446 3200 —
457 3172 468 3199 ²
481 3163 584 3230 Philipp.
594 3181 626 3223 11,
639 3164 709 3216 6-11.
