2352 4094
241 585 245 592 ,
276 519 327 566 trz
460 518 485 568 e
503 513 685 566 Anousmt
702 515 845 566 mocon

275 616 341 686 (luo¹
352 615 447 674 medin
461 613 607 674 facillime.
619 617 753 692 Namque
773 635 840 674 rare
856 615 931 674 risio
945 627 990 674 est
1006 625 1039 673 et

274 705 360 764 nimis
379 705 472 763 ardua
489 705 671 781 conspicere,
689 704 828 778 Domine,
844 705 1037 764 {eternitatem

276 805 357 852 trram
367 791 644 851 incommutabiliter
655 791 806 851 mutabilia
817 793 988 864 facientem,
1001 813 1038 852 nc

276 904 330 962 per
342 885 400 943 hoc
413 884 551 963 priorem.
563 883 635 958 Quis
645 882 751 942 deiude
762 883 803 942 sie
816 884 954 943 acutum*
968 903 1039 942 cer-

275 987 327 1033 nat
347 975 508 1046 murmur
527 973 590 1032 sine
611 961 714 1032 labore
735 993 840 1052 magno
864 973 1038 1052 dignoscere

275 1065 384 1136 valeat,
398 1063 547 1142 quomodo
557 1065 596 1122 sit
606 1065 689 1142 prior
704 1084 792 1122 sonus
808 1083 897 1142 quam
913 1076 1038 1136 cantrrs,

238 1223 241 1228 Ι
275 1153 344 1212 ideo
363 1155 433 1232 quia
455 1167 557 1230 cantius
578 1167 622 1213 est
641 1154 783 1213 formatus
803 1175 908 1228 sonus,
922 1167 953 1212 et
972 1175 1038 1214 esse

276 1243 378 1320 ntique
398 1243 509 1321 aliquid
528 1245 764 1306 conformatum
784 1257 896 1324 potest,
913 1245 1036 1303 formari

275 1345 373 1392 autem
385 1334 466 1412 quod
487 1354 546 1392 non
566 1347 623 1407 est,
636 1355 695 1393 non
708 1338 822 1414 potest?
833 1337 881 1395 sic
895 1349 939 1395 est
951 1337 1036 1414 prior

276 1425 425 1497 materies,
445 1445 534 1504 quam
556 1425 588 1486 id
610 1425 691 1504 quod
711 1447 749 1489 ex
769 1447 805 1485 ea
824 1427 880 1484 fir:
894 1446 953 1486 non
965 1426 1036 1485 ideo

275 1516 359 1596 prior
377 1516 448 1594 quia
471 1517 536 1594 ipsa
557 1517 663 1588 eflicit,
685 1536 753 1575 cum
773 1517 872 1595 potins
893 1517 960 1588 lint3
979 1537 1037 1576 nec

275 1605 359 1686 prior
372 1607 527 1666 intervallo
547 1607 696 1684 temporis.
715 1609 817 1684 Neque
836 1608 915 1666 enim
935 1607 1036 1686 priore

276 1709 410 1776 tempore
428 1717 514 1756 sonos
531 1697 645 1759 edimus
658 1697 797 1756 informes
815 1699 877 1756 sine
891 1711 991 1768 cantu,
1006 1710 1037 1756 et

276 1809 327 1848 eos
340 1789 502 1867 posteriore
516 1801 648 1866 tempore
665 1788 698 1846 in
712 1788 836 1846 formam
853 1789 960 1848 cantici
979 1809 1034 1846 co-

277 1891 410 1956 aptamus
424 1890 475 1938 ant
483 1867 619 1957 fingimus
626 1900 635 1950 3
646 1877 723 1937 sicut
736 1878 816 1955 ligne
830 1877 939 1956 quibus
952 1897 1036 1950 arce,

277 1971 324 2028 rel
346 1982 498 2048 argentum
518 1981 579 2046 quo
593 1970 745 2034 vasculum
765 1967 934 2034 fabricatur:
952 1969 1035 2028 Tales

188 2061 193 2072 '
276 2063 387 2140 quippe
399 2062 541 2134 materiae,
553 2074 685 2139 tempore
697 2059 785 2118 etiam
795 2059 966 2138 precedunt
979 2059 1037 2118 for-

276 2173 338 2212 mas
351 2173 450 2212 rerum
460 2171 526 2230 qnae
536 2152 610 2210 finnt
623 2152 732 2211 exeis:
745 2163 776 2210 at
786 2151 817 2209 in
827 2163 914 2210 cantu
925 2151 1036 2210 nonita

277 2255 329 2301 est.
344 2247 417 2303 Cum
438 2244 517 2300 enim
538 2254 689 2313 cantatur,
711 2240 831 2301 auditur
851 2239 1036 2317 sonus'ejus5

276 2352 335 2390 non
346 2333 428 2410 prins
439 2325 605 2390 informiter
617 2345 701 2391 sonat
708 2376 717 2405 ‚
731 2345 761 2391 et
773 2332 877 2391 deinde
892 2333 1037 2392 formatur

275 2425 306 2482 iu
319 2434 446 2480 cantum.
459 2421 546 2497 Quod
558 2422 635 2480 enim
646 2422 744 2500 primo
757 2436 916 2501 utcumque
932 2429 1037 2482 sonue-

276 2512 325 2582 rit,
331 2505 462 2590 praeferit
468 2533 478 2583 ;
488 2531 543 2569 nec
553 2530 591 2569 ex
599 2531 635 2570 eo
645 2511 807 2590 quidquam
815 2512 944 2590 reperies
954 2511 1036 2590 quod

177 2682 184 2690 ,
276 2614 458 2680 resumptum
475 2613 538 2661 arte
554 2621 712 2681 componas
728 2624 736 2660 z
753 2615 784 2670 et
800 2602 868 2662 ideo
883 2615 985 2670 centus
1005 2602 1037 2662 in

275 2713 347 2752 rouo
356 2693 562 2770 euorertitur3
574 2693 625 2770 qui
638 2713 725 2752 sonus
737 2692 815 2770 ejus,
825 2691 960 2752 materies
973 2691 1036 2769 ejus

275 2796 326 2842 est
346 2783 428 2850 Idem
451 2782 563 2862 qnippe
584 2784 729 2843 formatur,
748 2795 781 2844 ut
804 2795 907 2842 cautus
929 2781 985 2852 sit;
1007 2794 1037 2840 et

274 2874 361 2946 ideo,
381 2873 458 2932 siout
480 2871 632 2945 dicebam,
651 2873 734 2952 prior
757 2872 892 2932 materies
912 2870 1037 2930 conandi

275 2984 364 3041 quam
376 2963 471 3028 forma
485 2964 622 3024 cantandi
636 2983 782 3046 :non-per
795 2963 922 3044 faciendi
934 2975 1037 3042 poten-

276 3055 346 3112 tium
357 3053 441 3131 prior
453 3053 481 3126 *3
493 3055 681 3132 nequeenim
692 3075 781 3114 sonns
792 3066 835 3116 est
844 3053 981 3114 cantandi
992 3073 1038 3112 ar·

210 3185 211 3188 =
269 3145 364 3216 tifex,
375 3144 428 3202 sed
442 3125 571 3204 cintanti
584 3147 686 3215 animm
700 3145 833 3225 subjacet
843 3165 882 3204 ex
895 3164 1037 3223 corpore,

277 3237 314 3294 de
329 3255 388 3313 quo
408 3248 526 3296 cantum
539 3237 635 3296 faciat.
650 3244 709 3298 Nec
731 3250 863 3316 tempore
874 3234 973 3315 ‘prior5
992 3235 1036 3294 si-
