2316 4020
283 521 315 566 88
467 517 491 564 S.
510 516 691 574 auettuttut
708 517 851 572 Ertscort

550 686 684 756 CAPUT
703 687 761 756 lv.
799 700 801 709 ’
832 720 834 724 ⁴

279 846 394 908 Morbum
404 854 430 894 et
440 841 586 910 baptismum
603 841 675 901 amici
689 850 791 905 narrat.
804 857 876 908 quem
895 842 968 918 etiam·
985 845 1037 896 suis

315 925 437 976 erroribus
453 925 599 984 involverat3
611 939 687 988 eoque
698 931 776 972 morte
788 921 896 984 sublato,
906 923 974 974 dolet·
982 941 1036 992 gm-

315 1007 418 1057 rusinae.
435 1005 556 1058 mirabitis
574 1003 682 1056 efficatia
697 1005 841 1055 sacramenti
857 1004 978 1072 Bapdsmi.

319 1172 346 1227 7.
360 1174 394 1228 In
403 1169 460 1228 illis
471 1169 563 1241 anais,
571 1189 631 1246 quo
639 1168 766 1246 primum
778 1180 908 1245 tempore
918 1168 948 1225 in
963 1187 1033 1228 mu-

278 1262 387 1339 nicipio
401 1281 460 1339 quo
474 1273 558 1320 natus
573 1281 636 1319 sum
652 1260 758 1318 docere
772 1277 934 1337 coeperam,
949 1278 1033 1319 oom-

278 1363 450 1428 paratteram
468 1351 593 1410 amicum
604 1351 747 1408 sooietate
767 1349 930 1408 studiorum
946 1349 1033 1410 nimis

278 1443 416 1514 charum,
438 1461 568 1501 ooaevum
589 1442 661 1500 milti
688 1455 717 1508 et
734 1441 940 1500 conflorentem
958 1441 1032 1501 flore

278 1533 486 1592 adolescentiae.
501 1538 616 1591 Mecum
629 1553 705 1610 puer
721 1545 867 1604 creverat,
881 1545 910 1589 et
923 1533 1035 1610 pariter

276 1623 306 1680 in
320 1623 449 1682 scholam
460 1624 600 1696 ieramus,
616 1624 781 1702 pariterque
792 1624 962 1681 luseramus.
976 1625 1042 1682 Sed·

277 1703 406 1770 nondum
425 1723 490 1771 erat
508 1714 550 1772 sic
573 1713 698 1785 amicus,
715 1731 884 1790 ¹qututquam
902 1732 941 1776 tte
963 1726 1033 1771 tunc

276 1803 394 1878 quidem
415 1804 501 1865 siouti
522 1817 565 1863 est
580 1821 651 1862 vera
667 1803 805 1874 amioitia3
822 1804 891 1880 quia
908 1823 967 1874 nou
988 1815 1033 1861 est

276 1911 355 1963 vera,
367 1893 422 1950 nisi
431 1913 499 1950 eum
510 1911 573 1950 earn
587 1906 619 1950 tu
630 1892 792 1970 agglutinas
803 1892 879 1952 inter
890 1891 1032 1950 inhaerea-

276 1995 319 2040 tes
331 1982 399 2053 tibi,
410 1981 551 2040 charitate
562 1981 703 2050 diffusain
714 1981 852 2040 cordibus
864 1981 968 2040 nostris
977 1999 1032 2059 per

275 2073 415 2148 Spiritum
432 2083 562 2128 sanctum
573 2073 628 2146 qui
637 2071 723 2129 datus
736 2085 778 2130 est
788 2071 874 2129 nobis
886 2081 905 2128 ¹.
919 2071 975 2129 Sed
986 2084 1031 2130 ta-

275 2181 341 2219 men
351 2161 443 2219 duleis
453 2159 621 2231 oratnimis,
630 2173 734 2220 ooaeta
742 2161 755 2188 *
768 2163 882 2220 fervore
891 2162 1029 2238 ¹parilium

274 2251 447 2310 studiorum.
458 2255 531 2308 Nam
547 2262 576 2308 et
590 2271 607 2309 a
621 2251 677 2309 lide
689 2271 774 2325 vera,
788 2272 877 2330 quarn
889 2273 949 2310 nou
958 2271 1028 2330 gea·-

274 2339 398 2399 manitus
419 2353 448 2398 et
466 2339 581 2418 penitus
603 2342 770 2401 adolescens
791 2343 919 2416 tenebat,
937 2345 1026 2403 defle-

274 2427 439 2510 xeram'ego
451 2451 517 2489 eum
529 2431 560 2488 in
572 2433 782 2510 superstitiosas
791 2435 910 2496 fabellas
918 2449 950 2494 et
961 2455 1028 2514 per-

273 2521 411 2592 niciosas,
435 2533 557 2600 propter
577 2543 648 2600 quas
672 2523 827 2604 plangebat
853 2545 900 2583 me
925 2537 1025 2586 mater.

272 2613 386 2667 llleoum
398 2607 458 2686 jam
470 2609 589 2668 errabat
597 2609 627 2668 in
638 2612 734 2671 animo
748 2613 836 2670 homo
849 2613 899 2671 ille
907 2655 915 2684 ,
928 2627 958 2672 et
966 2633 1026 2673 non

270 2711 386 2776 poterat
400 2699 496 2758 anima
510 2719 576 2760 mea
592 2701 655 2760 aine
668 2702 728 2760 illo.
748 2707 785 2760 Et
797 2723 866 2762 eoee
878 2717 912 2762 tu
927 2705 1026 2764 iamni—

270 2807 342 2846 nens
354 2789 440 2848 dorso
451 2789 639 2867 lugitivorum
651 2803 778 2864 tuorum,
790 2797 869 2852 Deus
882 2793 1025 2853 ultionum

273 2890 302 2934 at
314 2879 379 2937 lons
391 2880 656 2946 misericordiarum
671 2881 770 2954 simul,
781 2884 835 2960 qui
853 2885 997 2944 oonverois
1011 2885 1024 2915 ³*

271 2985 324 3025 nos
333 2966 371 3025 ad
382 2980 411 3025 te
420 2969 500 3028 miris
512 2971 620 3060 modis3
635 2989 701 3030 ecoe
718 2971 863 3032 absuilisti
876 2973 1024 3034 hominem

271 3057 456 3132 debueritis,
471 3079 538 3120 eum
547 3061 596 3120 vix
608 3063 783 3141 expletisset
791 3083 897 3124 annum
910 3065 941 3122 in
952 3067 1026 3124 ami-

307 3239 396 3284 ¹llom.
408 3251 430 3295 v,
444 3241 467 3306 5.
